5117 6800
790 1103 883 1174 A

384 1256 482 1306 ωσ
509 1252 982 1321 πνευματικοισ
1032 1236 1156 1302 αλλ
1184 1253 1282 1303 mo·

383 1360 718 1428 σαρκινοισ
770 1361 866 1409 mo·
903 1360 1168 1429 νηπιοισ
1207 1366 1281 1407 εν

379 1475 475 1534 χω
516 1451 721 1534 Ξ’γαλιῑ
761 1472 940 1533 υμασ
999 1467 1278 1516 enovata

383 1581 458 1623 ου
540 1562 775 1641 βρωμα
873 1580 1057 1621 ουπω
1157 1581 1277 1640 γαρ

383 1666 720 1731 edm-affin
777 1664 898 1729 αλλ
951 1664 1104 1728 ουδε
1159 1686 1278 1728 νυν

382 1771 682 1837 avarae-9⁸
921 1757 927 1763 ⁵

382 1879 411 1919 ⁸
425 1901 520 1941 ετι
578 1900 699 1960 γαρ
759 1895 1051 1960 σαρκικοι
1122 1894 1275 1943 εστε

379 2006 546 2049 οπου
584 2006 704 2067 γαρ
749 2007 820 2048 εν
874 2007 1026 2066 υμιν
1080 1985 1273 2068 ζηλοσ

376 2114 482 2154 και
557 2107 697 2172 ερισ
760 2114 901 2172 cvxl
982 2107 1273 2175 σαρκικοι

377 2214 528 2263 εστε
557 2220 665 2261 και
693 2221 861 2260 κατα
909 2202 1273 2280 ανθρωπον

378 2326 796 2385 περιπατειτε

381 2412 584 2473 4οταν
633 2432 752 2492 γαρ
808 2411 957 2494 hyr]
997 2428 1108 2477 τισ
1149 2434 1270 2493 εγω

374 2538 498 2596 μεν
554 2540 683 2598 ειμι
739 2518 990 2582 navi-ov
1041 2536 1269 2601 ετεροσ

374 2623 449 2686 δε
490 2646 610 2705 εγω
672 2624 937 2689 απολλω
994 2646 1104 2688 ουκ
1158 2648 1268 2688 αν-

371 2734 636 2812 θρωποι
679 2747 831 2795 εστε
916 2792 925 2801 ,

375 2836 475 2898 15τι
504 2858 616 2899 ουν
659 2853 838 2901 εστιν
864 2835 1174 2900 απολλωσ
1204 2858 1266 2899 τι

372 2941 447 3004 δε
479 2958 658 3006 εστιν
685 2941 945 3007 παυλοσ
979 2941 1264 3005 διακονοι

372 3047 437 3110 δι
508 3070 596 3110 ων
667 3064 1102 3113 επιστευσατε
1158 3073 1266 3113 και

371 3169 624 3218 εκαστω
689 3172 786 3219 mo·
851 3177 930 3219 κσ
1024 3154 1264 3218 εδωκεν

368 3284 424 3322 κ.
468 3283 521 3323 τ.
565 3260 621 3324 λ.

367 3474 464 3538 VI.
516 3475 537 3513 ¹
566 3472 781 3554 τολμα
879 3495 983 3538 ‘no
1079 3495 1261 3553 υμων

365 3601 635 3662 πραγμα
653 3602 818 3660 εχων
843 3595 1019 3660 προσ
1039 3601 1261 3661 ετερον

361 3689 740 3769 κρεινεσθαι
789 3707 901 3749 em
948 3707 1078 3749 των
1119 3685 1258 3749 adc-

359 3816 490 3856 κων
546 3816 653 3856 και
721 3815 861 3872 ουχι
941 3812 1052 3854 sm
1123 3814 1255 3854 των

359 3923 556 3981 αγιων
613 3901 691 3981 9η
736 3921 849 3963 ουκ
891 3897 1113 3962 οιδατε
1156 3920 1254 3961 οτι

360 4031 417 4070 οι
458 4029 622 4088 αγιοι
674 4028 789 4070 τον
844 4021 1090 4085 κοσμον
1129 4026 1254 4085 κρι-

1377 1236 1758 1321 spiritalibus
1780 1236 1893 1303 sed
1913 1237 2092 1322 quasi
2133 1256 2272 1302 car-

1375 1343 1643 1421 nalibuS‚
1688 1345 1870 1426 quasi
1900 1343 2178 1427 paruulis
2204 1345 2270 1409 in

1376 1447 1624 1539 Christo
1669 1449 1806 1514 'lac
1834 1451 2017 1516 uobis
2045 1454 2269 1534 potum

1375 1553 1522 1619 dedi
1552 1573 1684 1620 non
1715 1574 1952 1634 escam3
1978 1556 2268 1622 nondum

1374 1661 1544 1725 enim
1597 1663 1929 1743 poteratis3
1989 1664 2100 1728 sed
2150 1683 2268 1728 nec

1372 1766 1585 1832 adhuc
1653 1768 1912 1851 quidem
1979 1770 2264 1852 potestis3

1374 1873 1627 1939 ”adhuc
1697 1875 1868 1939 enim
1926 1878 2071 1940 estis
2127 1894 2266 1941 car-

1370 1978 1562 2044 nalae.
1659 1978 1821 2045 Cum
1878 1985 2095 2047 autem
2141 1983 2266 2047 sint

1369 2086 1532 2151 inter
1590 2105 1708 2151 uos
1782 2089 2124 2154 aemulatio
2201 2093 2264 2154 et

1370 2194 1711 2272 contentio,
1734 2211 1949 2260 nonne
1977 2196 2263 2261 carnales

1368 2299 1513 2363 estis
1556 2302 1621 2363 et
1661 2302 2016 2366 secundum
2055 2303 2260 2367 homi-

1366 2424 1516 2470 nem
1574 2405 1962 2471 ambulatis?
2045 2409 2075 2447 ⁴
2097 2408 2260 2474 Cum

1365 2513 1535 2576 enim
1566 2514 1706 2595 quis
1732 2513 1931 2579 dicat:
1974 2536 2093 2599 ego
2120 2517 2260 2599 qui-

1364 2618 1512 2682 dem
1590 2637 1731 2683 sum
1804 2621 2013 2701 Pauli,
2100 2623 2259 2687 alius

1362 2727 1606 2789 autem:
1635 2727 2015 2810 egoApollo,
2040 2748 2256 2794 nonne

1362 2830 1650 2896 homines
1736 2836 1924 2898 estis?
2040 2835 2255 2914 ⁵Quid

1361 2956 1511 3021 ergo
1571 2941 1666 3003 est
1741 2939 2012 3023 Apollo?
2095 2944 2252 3025 quid

1361 3047 1579 3108 autem
1622 3046 1859 3111 Paulus
1878 3049 1908 3110 Ρ
1993 3045 2255 3113 Ministri

1359 3170 1473 3233 per
1534 3170 1694 3234 quos
1755 3153 2124 3220 credidistis
2189 3157 2253 3219 et

1358 3257 1700 3340 unicuique
1754 3259 1912 3324 sicut
1961 3262 2252 3326 dominus

1357 3363 1534 3430 dedit
1573 3364 1609 3404 *
1651 3365 1687 3404 *
1727 3364 1763 3404 *

1355 3471 1457 3535 VI.
1498 3472 1519 3510 ¹

1461 3578 1497 3616 *
1510 3578 1546 3617 *
1561 3578 1597 3617 *
1613 3577 1885 3645 alterum
1924 3583 2252 3664 negotium

1354 3684 1599 3750 habens
1665 3685 1926 3752 iudicari
1989 3689 2076 3753 ab
2134 3689 2252 3754 ini-

1354 3791 1494 3874 quis
1521 3794 1585 3857 et
1605 3811 1737 3857 non
1766 3797 1924 3877 aput
1951 3798 2250 3860 sanctos?

1356 3896 1383 3935 ²
1400 3897 1507 3962 An
1549 3900 1796 3963 neScItis
1839 3902 1990 3984 quia
2047 3904 2249 3967 sancti

1352 4005 1669 4071 mundum
1749 4006 2121 4073 iudicabunt
2187 4015 2251 4075 et

2279 918 2366 986 79

2777 1105 2851 1174 (3

2360 1236 2741 1320 spiritalibus
2769 1238 2881 1303 sed
2909 1237 3090 1321 quasi
3120 1256 3260 1301 car-

2360 1342 2631 1422 nalibuS,
2673 1345 2855 1426 quasi
2885 1343 3166 1428 paruulis
3191 1344 3257 1408 in

2360 1448 2611 1514 Christo
2666 1450 2765 1515 lac
2808 1450 2989 1515 uobis
3029 1453 3256 1533 potum

2359 1555 2504 1620 dedi
2528 1575 2660 1621 non
2684 1577 2928 1633 escam3
2961 1558 3251 1623 nondum

2358 1663 2528 1728 enim
2580 1666 2908 1746 poteratis;
2967 1664 3080 1729 sed
3136 1682 3254 1728 nec

2357 1769 2571 1835 adhuc
2632 1770 2889 1853 quidem
2960 1769 3251 1854 potestis3

2356 1876 2571 1942 adhuc
2651 1877 2822 1941 enim
2890 1875 3033 1941 estis
3112 1894 3252 1939 car-

2356 1983 2548 2049 nalos.
2642 1981 2804 2049 Cum
2882 1983 3054 2047 enim
3126 1981 3252 2045 sint

2354 2090 2516 2155 inter
2588 2109 2704 2155 uos
2784 2088 3122 2154 aemulatio
3185 2089 3249 2152 et

2355 2198 2697 2276 contentio,
2728 2215 2943 2261 nonne
2960 2194 3246 2261 carnales

2353 2307 2497 2369 estis
2539 2308 2605 2369 et
2642 2302 2996 2368 secundum
3041 2302 3246 2366 homi-

2351 2431 2502 2475 nem
2563 2409 2949 2475 ambulatis?
3020 2410 3055 2448 *
3079 2407 3244 2473 Cum

2350 2518 2520 2582 enim
2549 2518 2690 2600 quis
2719 2516 2918 2581 dicat:
2962 2536 3080 2598 ego
3108 2516 3246 2598 qui-

2349 2625 2497 2689 dem
2575 2643 2718 2687 sum
2786 2623 2969 2688 Pauli
2982 2670 2998 2700 ,
3086 2620 3244 2686 alius

2347 2734 2594 2797 autem:
2618 2750 2735 2812 ego
2753 2729 3003 2813 Apollo,
3026 2747 3241 2792 nonne

2346 2838 2637 2903 homines
2740 2838 2922 2900 estis?
3074 2834 3240 2913 Quid

2345 2964 2494 3026 ergo
2582 2947 2675 3008 est
2729 2942 3004 3026 Apollo?
3087 2939 3240 3023 quid

2344 3054 2563 3117 autem
2608 3049 2847 3113 Paulus
2862 3050 2893 3111 P
2976 3046 3238 3111 Ministri

2343 3177 2457 3242 per
2537 3175 2699 3239 quos
2770 3153 3114 3220 credidistis
3178 3156 3242 3217 et

2343 3265 2684 3346 unicuique
2732 3263 2893 3327 sicut
2946 3261 3239 3326 dominus

2342 3373 2516 3439 dedit
2559 3377 2667 3436 cet.

2339 3479 2622 3545 *⁹Audet
2632 3478 2972 3561 quisquam
2981 3477 3265 3540 uestrum

2341 3587 2649 3653 aduersus
2689 3584 2962 3649 alterum
2992 3582 3236 3665 negoti-

2341 3712 2456 3759 um
2474 3691 2719 3755 habens
2738 3689 2999 3753 iudicari
3018 3688 3102 3752 ab
3120 3688 3238 3752 ini-

2341 3801 2481 3884 quis
2499 3802 2564 3864 et
2591 3815 2721 3862 non
2753 3798 2909 3878 aput
2936 3795 3236 3858 sanctos?

2339 3907 2445 3972 An
2490 3904 2741 3970 nescitis
2759 3950 2774 3981 ,
2831 3901 2982 3984 quia
3031 3900 3238 3965 sancti

2339 4013 2657 4078 mundum
2690 4008 3099 4074 iudicabunt?
3162 4005 3241 4071 Et

3357 1234 3740 1317 spiritalibus
3756 1235 3867 1300 sed
3897 1236 4080 1320 quasi
4114 1254 4253 1301 car-

3355 1340 3625 1420 nalibUS,
3655 1344 3990 1425 tamquam
4014 1358 4251 1425 paruu-

3353 1447 3428 1511 lis
3468 1448 3535 1511 in
3578 1446 3827 1513 Christo
3874 1448 4013 1514 'lac
4064 1446 4247 1513 uobis

3353 1557 3578 1637 potum
3619 1553 3765 1619 dedi
3824 1572 3956 1619 non
4000 1573 4243 1629 escam;

3352 1660 3643 1725 nondum
3698 1661 3866 1725 enim
3907 1660 4242 1744 poteratis;
4294 1678 4328 1731 5

3350 1767 3462 1831 sed
3489 1785 3607 1831 nec
3641 1786 3815 1832 nunc
3842 1767 4102 1850 quidem
4129 1787 4245 1851 po-

3349 1874 3547 1950 testis3
3594 1874 3621 1914 ⁸
3634 1874 3846 1940 adhuc
3888 1875 4057 1939 enim
4097 1874 4245 1939 estis

3349 1981 3653 2045 carnales
3736 1979 3901 2047 Cum
3943 1981 4114 2045 enim
4163 1981 4244 2045 sit

3347 2087 3509 2152 inter
3568 2106 3683 2152 uos
3742 2086 3910 2152 zelus
3966 2092 4031 2152 et
4090 2106 4242 2153 con-

3346 2193 3578 2272 tentio,
3663 2212 3878 2259 nonne
3954 2195 4241 2259 carnales
4261 2217 4326 2271 10

3346 2301 3490 2364 estis
3529 2303 3593 2364 et
3641 2302 3994 2367 secundum
4036 2300 4241 2365 homi-

3346 2424 3496 2470 nem
3557 2407 3897 2472 ambulatis
3912 2411 3951 2472 *Ρ
4032 2409 4062 2447 ⁴
4075 2406 4239 2474 Cum

3346 2515 3514 2578 enim
3558 2516 3699 2598 quis
3726 2515 3905 2579 dicit:
3950 2535 4067 2598 ego
4103 2516 4241 2598 qui-

3346 2622 3493 2686 dem
3568 2641 3712 2686 sum
3787 2622 4001 2700 Pauli,
4079 2621 4240 2686 alius

3345 2731 3594 2792 autem:
3620 2748 3738 2810 ego
3749 2728 3998 2813 Apollo,
4021 2747 4236 2793 nonne
4258 2757 4320 2811 15

3343 2833 3632 2898 homines
3724 2835 3914 2898 estis?
4028 2834 4235 2913 “Quid

3343 2939 3528 3020 igitur
3583 2943 3676 3004 est
3730 2940 4007 3023 Apollo?
4080 2940 4235 3023 quid

3342 3064 3497 3110 uero
3579 3045 3863 3111 Paulus?
3971 3046 4232 3111 Ministri

3340 3154 3473 3218 eius
3550 3154 3650 3218 cui
3736 3154 4079 3219 credidistis
4170 3156 4233 3217 et

3341 3260 3679 3343 unicuique
3729 3261 3890 3325 sicut
3938 3261 4233 3325 dominus
4251 3295 4317 3351 20

3341 3367 3516 3433 dedit
3560 3372 3667 3433 cet.

3338 3473 3436 3537 VI.
3456 3474 3692 3539 ¹Audet
3711 3473 3935 3557 aliquis
3948 3476 4232 3539 uestrum

3338 3578 3584 3644 habens
3623 3581 3950 3662 negotium
4005 3579 4234 3646 aduer-

3337 3705 3443 3750 sus
3473 3685 3749 3751 alterum
3784 3687 4046 3752 indicari
4077 3690 4234 3770 aput

3338 3792 3587 3876 iniquos
3611 3795 3675 3857 et
3709 3812 3841 3858 non
3865 3796 4022 3878 aput
4049 3812 4234 3858 sanc-
4251 3818 4317 3872 25

3337 3902 3482 3964 tos?
3568 3900 3714 3965 ²An
3769 3900 4017 3965 nescitis
4074 3919 4233 3981 quo-

3338 4007 3514 4071 niam
3578 4008 3782 4073 sancti
3850 4007 3930 4071 de
3990 4006 4234 4071 mundo

358 4227 426 4283 A
495 4229 543 4280 5.
581 4229 688 4280 αλλ..
722 4228 827 4281 ovd.
864 4248 942 4279 ετι
979 4247 1068 4277 rm
1107 4224 1195 4280 die
1230 4224 1408 4296 fibrig.
1444 4226 1748 4282 Handschr.
1817 4229 1864 4283 9.
1903 4251 2015 4284 certe
2053 4252 2270 4302 οαρκικοι
2305 4230 2551 4287 DEFG.
2631 4229 2709 4282 17.
2747 4248 2884 4280 εστιν
2920 4243 3019 4281 vor
3054 4227 3209 4278 mvl..
3250 4225 3392 4281 fehlt
3433 4225 3729 4281 DEFGL.

358 4315 428 4368 B
495 4312 545 4366 2.
581 4314 743 4381 quasi
775 4313 1036 4383 paruulis
1072 4311 1206 4380 ‹lrg
1235 4314 1398 4383 quasi
1431 4314 1741 4382 infantibus
1765 4315 1997 4371 Tertull.
2070 4320 2118 4373 5.
2155 4335 2252 4375 nec
2286 4318 2466 4374 adhuc
2501 4313 2718 4386 quidem
2758 4312 3007 4367 Ambros.
3045 4329 3215 4382 neque
3250 4311 3430 4367 adhuc
3467 4311 3684 4382 quidem
3720 4311 3750 4366 f
3780 4327 3950 4382 neque
3980 4310 4161 4365 adhuc
4195 4310 4231 4364 (1

493 4395 669 4451 Hilar.
701 4414 871 4467 neque
917 4397 1098 4453 adhuc
1127 4413 1271 4453 nunc
1306 4413 1350 4466 g
1396 4415 1494 4454 nec
1528 4399 1709 4455 adhuc
1744 4400 1962 4456 Paulin.
2034 4403 2083 4456 8.
2119 4404 2232 4458 sint
2265 4403 2563 4464 Pacianus,
2618 4401 2872 4454 Anastas.
2952 4399 3001 4453 9.
3052 4399 3350 4454 aemulatio
3387 4398 3423 4452 (1
3443 4413 3487 4466 g
3533 4397 3789 4468 Cyprian.
3838 4397 4231 4452 aemulationes

490 4483 655 4536 Auct.
688 4483 760 4536 ad
793 4482 1108 4548 Novatian„
1146 4483 1524 4549 Ambrosiast„
1559 4487 1810 4541 Anastas.
1905 4489 1984 4542 17.
2023 4505 2150 4559 erqo
2188 4488 2288 4558 fg.
2384 4489 2464 4544 18.
2503 4494 2683 4544 autem
2719 4486 2771 4541 (1.
2853 4484 2938 4538 26.
2985 4487 3119 4555 quia
3156 4483 3246 4548 dr,
3281 4484 3562 4554 Cypriam,
3598 4483 3797 4548 Hilar.‚
3834 4483 3978 4538 Zeno
4011 4482 4229 4546 Veron„

490 4566 800 4623 Scholiasta
831 4567 998 4632 Hier„
1035 4568 1210 4634 Beda3
1248 4572 1507 4638 quoniam
1545 4577 1565 4625 t
1602 4573 1736 4642 quia
1770 4587 1830 4640 g.
1905 4573 1987 4628 27.
2018 4575 2281 4630 mumdum
2315 4575 2414 4644 fg,
2451 4574 2627 4629 Hilar.
2663 4575 2805 4629 hunc
2841 4572 3103 4626 mundum
3140 4571 3418 4641 Cyprian„
3459 4569 3815 4626 Ambrosiast.

353 4655 412 4712 (3
491 4653 539 4708 2.
578 4654 742 4724 quasi
770 4653 1033 4724 paruulis
1061 4653 1120 4706 in
1154 4654 1270 4708 loh.
1321 4671 1514 4725 evang.
1553 4657 1601 4720 7,
1634 4657 1701 4711 23
1764 4659 1848 4723 97,
1885 4660 1917 4712 5
1955 4659 2070 4713 und
2100 4660 2184 4724 98,
2224 4663 2248 4714 l
2300 4662 2368 4717 de
2404 4660 2645 4716 trinitat.
2685 4661 2730 4724 1,
2768 4659 2801 4713 3
2851 4658 2919 4713 de
2966 4657 3221 4728 baptism.
3263 4659 3309 4721 l,
3347 4658 3413 4711 14
3467 4664 3741 4725 tamquam
3772 4655 4033 4726 paruulis
4069 4654 4228 4724 epist.

488 4740 605 4805 187,
640 4739 708 4792 29
743 4740 812 4795 de
846 4755 1077 4794 sermon.
1113 4739 1316 4794 domin.
1357 4740 1416 4794 in
1453 4744 1622 4797 mont.
1661 4745 1709 4808 2,
1749 4744 1815 4797 67
1854 4745 1923 4800 de
1963 4745 2262 4802 continent.
2301 4747 2383 4803 25.
2438 4777 2504 4787 —
2557 4748 2606 4800 5.
2644 4761 2739 4801 nec
2773 4743 2957 4800 adhuc
3006 4743 3223 4814 quidem
3249 4741 3310 4796 in
3347 4742 3464 4796 Ioh.
3500 4759 3694 4812 evang.
3731 4743 3814 4807 97,
3849 4743 3881 4795 5
3919 4741 4034 4794 und
4073 4740 4157 4803 98,
4197 4741 4223 4794 1

484 4824 645 4896 epist.
686 4824 801 4890 187,
833 4825 900 4878 29
934 4825 1002 4880 de
1037 4824 1276 4880 trinitat.
1319 4827 1366 4891 1,
1400 4827 1434 4881 3
1479 4827 1548 4882 de
1576 4828 1830 4898 baptism.
1873 4830 1918 4894 1,
1960 4831 2024 4885 14
2072 4848 2169 4887 nec
2215 4831 2397 4890 adhue
2432 4834 2490 4888 in
2530 4833 2722 4888 Genea.
2762 4831 2975 4900 quaest.
3015 4830 3082 4883 50
3128 4846 3195 4884 ne
3246 4846 3390 4884 nunc
3440 4828 3656 4899 quidem
3704 4828 3772 4882 de
3819 4827 4121 4882 continent.
4159 4827 4227 4880 25

482 4928 650 4982 neque
679 4928 825 4968 nunc
859 4911 927 4967 de
964 4928 1193 4966 sermon.
1224 4911 1429 4966 domin.
1466 4911 1525 4966 in
1558 4915 1727 4968 mont.
1765 4915 1814 4980 2,
1847 4915 1930 4969 67.
1969 4946 2032 4955 -
2070 4917 2119 4971 8.
2156 4934 2278 4973 cum
2316 4920 2460 4974 enim
2495 4921 2609 4974 sint
2632 4919 2701 4974 de
2730 4916 2987 4987 baptism.
3018 4918 3063 4981 l,
3097 4917 3160 4970 14
3197 4916 3267 4970 de
3303 4914 3606 4969 continent.
3635 4915 3702 4967 25
3739 4915 3808 4968 de
3836 4912 4225 4983 praedestinat.

482 5000 716 5052 sanctor.
756 4999 789 5052 9
836 4999 905 5053 de
954 4997 1106 5053 civit.
1152 4997 1242 5053 dei
1282 4999 1363 5064 14,
1398 5000 1448 5054 4.
1508 5029 1573 5039 —
1626 5000 1674 5054 9.
1711 5002 1854 5056 inter
1884 5018 1987 5058 uos
2022 5004 2318 5061 aemulatio
2355 5006 2424 5061 de
2455 5006 2713 5076 baptism.
2755 5007 2799 5069 1,
2843 5004 2907 5057 14
2952 5004 3021 5058 de
3076 5000 3466 5072 praedestinat.
3525 5003 3697 5055 sanct.
3734 5000 3767 5053 9
3819 5001 3888 5054 de
3934 4999 4085 5054 civit.
4134 4998 4223 5054 dei

488 5085 568 5147 14,
599 5084 650 5137 4.
703 5086 764 5140 in
807 5087 966 5142 uobis
1015 5086 1312 5142 aemulatio
1374 5086 1443 5141 de
1489 5085 1793 5141 continent.
1846 5088 1930 5142 25.
1979 5119 2045 5128 -
2091 5090 2120 5121 ¹⁸¹
2168 5091 2236 5146 de
2286 5092 2678 5162 praedestinat.
2728 5091 2899 5144 sanct.
2939 5090 2987 5143 9.
3039 5119 3105 5128 —
3164 5088 3243 5142 18.
3301 5087 3454 5143 dicat
3502 5086 3569 5142 de
3619 5084 3874 5156 baptism.
3930 5086 3976 5150 1,
4028 5085 4109 5139 14.
4161 5113 4223 5126 -

486 5169 565 5223 16.
602 5171 738 5239 quid
772 5180 953 5227 autem
987 5179 1068 5228 est
1098 5172 1354 5243 Apollo?
1388 5172 1526 5242 quid
1559 5179 1741 5230 autem
1777 5175 2036 5232 Paulas?
2070 5176 2130 5231 in
2165 5177 2282 5232 Ioh.
2319 5194 2516 5249 evang.
2555 5177 2641 5243 80,
2677 5177 2726 5231 2.
2775 5205 2840 5215 -
2896 5175 2977 5229 18.
3025 5175 3266 5229 minim-i
3306 5189 3410 5243 per
3464 5187 3601 5242 quos
3650 5171 3961 5227 credidistis
4014 5170 4072 5224 in
4110 5170 4225 5224 Ioh.

480 5269 676 5325 evang.
709 5255 794 5320 80,
829 5256 878 5310 2.
916 5287 981 5297 -—
1017 5259 1102 5313 20.
1141 5258 1396 5314 dominus
1432 5257 1566 5312 ibid.
1603 5288 1671 5298 -
1708 5259 1772 5289 *¹
1806 5260 1876 5315 de
1908 5261 2138 5317 doctrin.
2175 5263 2469 5318 Christian.
2506 5265 2556 5328 4,
2594 5263 2679 5318 36.
2716 5292 2781 5302 ——
2817 5262 2901 5315 22.
2940 5262 3230 5330 quisquam
3264 5257 3541 5313 Euchirid.
3582 5259 3666 5312 21.
3711 5287 3779 5297 —
3827 5258 3911 5312 23.
3948 5258 4224 5327 neyotium

481 5340 685 5395 habens
716 5342 833 5394 cod.
855 5341 1068 5398 Monac.
1094 5344 1194 5399 lat.
1219 5344 1353 5399 6301
1383 5345 1545 5415 (saec.
1571 5344 1661 5414 X),
1699 5345 1787 5400 die
1797 5347 2095 5418 Ausgaben
2121 5348 2301 5404 haben
2320 5351 2525 5405 habens
2551 5350 2857 5419 neqotium5
2894 5346 3037 5401 auch
3060 5344 3335 5400 Enchirid.
3355 5345 3418 5398 21
3442 5344 3592 5399 steht
3629 5345 3907 5414 neqotium
3927 5344 4143 5399 habene.
4158 5373 4224 5383 —

479 5426 564 5480 24.
603 5427 673 5482 ab
711 5427 917 5496 iniquis
946 5427 1220 5485 Euchirid.
1261 5431 1344 5486 21.
1410 5431 1513 5486 Die
1549 5431 1850 5502 Ausgaben
1887 5434 2055 5504 (auch
2090 5434 2428 5507 Krabinger)
2464 5436 2645 5490 haben
2682 5434 2837 5506 apud
2869 5435 3106 5502 iniquos,
3156 5431 3418 5486 wahl-end
3456 5429 3546 5486 die
3581 5433 3727 5485 erste
3764 5430 3927 5485 Hand
3966 5430 4061 5484 des
4106 5430 4220 5484 cod.

477 5513 577 5568 lat.
616 5512 826 5568 Monac.
863 5513 995 5567 6321
1035 5515 1169 5586 (vgl.
1204 5516 1433 5572 Einleit.
1471 5520 1504 5588 g
1543 5519 1627 5573 21.
1663 5519 1714 5573 S.
1753 5520 1846 5589 23)
1882 5521 1980 5575 das
2017 5520 2279 5591 Richtige
2312 5520 2509 5576 bietet.

341 5601 413 5656 ΙΙ
486 5599 566 5654 13.
604 5598 756 5653 dicat
790 5613 888 5667 vg.
963 5600 1043 5654 16.
1082 5601 1325 5658 homines
1364 5607 1495 5660 estis
1530 5612 1583 5660 et
1612 5605 1905 5661 secandam
1939 5608 2208 5663 hominem
2248 5609 2547 5664 ambulatis
2584 5605 2668 5662 fu.
2738 5604 2888 5676 quod
2925 5603 3008 5660 fu.
3104 5604 3187 5657 27.
3223 5604 3289 5658 de
3322 5605 3424 5660 hoc
3458 5603 3660 5659 mundo
3696 5601 3764 5657 fu
3797 5618 3896 5672 vg.

1892 5710 1917 5764 1
1957 5709 2077 5765 Cor.
2115 5712 2164 5777 3,
2206 5713 2229 5766 1

2246 5714 2353 5766 —5.
2424 5712 2474 5776 6,
2514 5710 2664 5765 1-2.
