5117 6800
1068 1022 1162 1092 A

673 1156 1159 1237 κεκαλυμμενον
1205 1156 1320 1218 *εν
1369 1172 1474 1220 oco
1519 1179 1555 1219 ο

675 1267 777 1326 θσ
828 1285 944 1324 του
1002 1277 1245 1325 αιωτόσ
1318 1284 1553 1325 τουτου

675 1366 1051 1449 ετυφλωσεν
1105 1389 1192 1430 τα
1256 1390 1555 1451 νοηματα

671 1495 804 1536 των
848 1491 1151 1537 απιστων
1206 1492 1306 1538 eto
1349 1496 1426 1537 ‘co
1463 1497 1586 1558 μηὝ

623 1596 956 1660 εαυγασαι
1023 1603 1139 1643 τοι·
1213 1596 1555 1665 wermonon·

671 1709 789 1749 του
805 1686 1167 1767 ευαγγελιου
1195 1703 1322 1770 τησ
1342 1687 1551 1772 dog-‘776

672 1814 791 1854 του
846 1814 928 1872 χυ
989 1808 1070 1855 oo·
1129 1810 1310 1856 εστιν
1367 1816 1554 1856 sexwu-

673 1920 790 1960 του
833 1903 929 1961 θυ
977 1899 1094 1960 ὅου
1120 1921 1240 1980 γαρ
1271 1917 1554 1966 εαυτουσ

672 2020 1083 2087 κηρυσσομω·
1134 2004 1303 2067 αλλα
1355 2028 1435 2085 χι·
1491 2029 1553 2069 ιι·

590 2132 750 2198 lom·
801 2128 1082 2174 εαυτουσ
1139 2111 1216 2173 δε
1271 2111 1553 2176 doulon&

673 2237 857 2296 υμων
901 2217 1012 2279 δια
1052 2239 1113 2279 ιν

675 2325 703 2362 ⁶
730 2345 828 2386 οτι
910 2326 1013 2387 θσ
1091 2346 1125 2386 o
1204 2346 1409 2388 ειπων
1483 2349 1554 2388 εκ

673 2446 958 2494 σκοτουο·
982 2446 1131 2512 φωσ
1173 2429 1426 2517 λαμψει
1473 2447 1555 2495 oo·

675 2535 978 2623 ελαμψεν
1049 2558 1120 2597 εν
1193 2553 1347 2600 'cam
1405 2561 1552 2618 καρ-

589 2671 655 2725 15
675 2642 856 2707 διαισ
885 2663 1070 2725 ημων
1113 2659 1289 2722 προσ
1314 2662 1551 2724 φωτισ-

672 2763 941 2830 μοντηο·
955 2764 1261 2829 γνωσεωσ
1295 2765 1420 2830 ‘coya
1446 2749 1552 2812 δο-

673 2858 796 2937 ξησ
836 2878 952 2917 του
978 2861 1072 2917 {lv
1107 2877 1178 2915 εν
1211 2872 1551 2933 προσωπω

670 2984 753 3043 xv
781 2963 805 3001 ⁷
823 2983 1058 3042 εχομετ·
1075 2961 1150 3022 δε
1160 2983 1275 3023 τοτ’
1291 2965 1546 3044 θησαυ-

671 3091 787 3151 ρον
843 3089 1076 3129 τουτον
1133 3089 1204 3128 ετ·
1257 3085 1548 3149 οστρακι-

581 3192 652 3246 20
670 3191 815 3239 νοισ
833 3195 1126 3238 σκευεσιν
1155 3195 1262 3236 ινα
1292 3197 1327 3256 η
1352 3197 1548 3256 vueo-

668 3281 829 3364 βολη
900 3301 1021 3362 τησ
1094 3280 1440 3360 δυναμεωσ
1510 3304 1546 3364 η

667 3411 783 3451 του
829 3393 924 3452 {lv
970 3411 1074 3449 και
1118 3410 1208 3469 μη
1256 3390 1330 3462 εξ
1365 3411 1548 3470 meam

671 3495 790 3556 θεν
858 3516 1055 3556 nam
1130 3494 1550 3575 θλειβομετυι

669 3599 790 3662 αλλ
843 3623 917 3662 ου
966 3620 1548 3681 στενοχωρουμενοι

581 3734 650 3788 25
675 3726 1113 3785 απορουμετόι
1210 3706 1330 3771 αλλ,
1433 3729 1547 3768 ουκ

671 3814 1182 3891 εξαπορουμετυι
1271 3815 1297 3851 ⁹
1325 3813 1546 3874 διωκο-

668 3941 853 4000 μωὌι
886 3918 1006 3981 αλλ
1041 3940 1154 3978 ουκ
1183 3918 1546 3998 ἐγκαταλει-

669 4046 944 4105 nouerca·
986 4023 1547 4105 καταβαλλομετυι

665 4130 789 4194 αλλ
823 4154 936 4192 ουκ
979 4130 1418 4209 απολλυμετυι

575 4268 646 4323 30
674 4238 727 4277 ¹⁰
745 4260 1034 4300 πανιοτε
1078 4260 1197 4319 την
1243 4258 1544 4317 ιἐκρωσιι·

664 4368 781 4407 του
821 4368 882 4407 w
927 4367 997 4405 n·
1020 4366 1110 4404 τω
1145 4366 1394 4422 σωματι
1426 4366 1542 4405 πε-

664 4473 1043 4534 ριᾳεροττεσ
1090 4474 1195 4513 ινα
1218 4471 1323 4511 και
1347 4472 1387 4532 η
1419 4452 1540 4532 ζωη

661 4579 780 4620 του
799 4580 859 4619 w
883 4580 954 4619 m·
972 4581 999 4618 τ
1013 4581 1062 4618 ω
1093 4578 1339 4636 aetutem
1360 4550 1557 4637 rhium?

1687 1157 1717 1196 ⁴
1730 1157 1796 1222 in
1856 1157 2089 1240 quibus
2128 1159 2284 1224 deus
2335 1159 2570 1225 saeculi

1684 1259 1873 1327 huius
1912 1267 2278 1330 excaecauit
2323 1268 2570 1329 mentes

1685 1368 2061 1447 infidelium,
2080 1374 2153 1436 ut
2180 1390 2312 1435 non
2330 1372 2569 1453 fulgeat

1685 1476 2083 1542 inluminatio
2098 1477 2412 1558 euangelii
2433 1477 2568 1558 glo-

1684 1581 1814 1646 riae
1845 1581 2073 1648 Christi
2097 1585 2206 1667 qui
2233 1585 2327 1648 est
2355 1584 2568 1665 imago

1687 1688 1804 1752 dei.

1688 1898 1871 1963 ⁶Non
1913 1900 2085 1963 enim
2125 1901 2566 1983 nosmetipsos

1681 2006 2126 2088 praedicamus
2196 2006 2309 2070 sed
2357 2006 2566 2072 Iesum

1684 2109 2012 2176 Christum
2059 2112 2402 2189 dominum,
2447 2134 2564 2178 ‘nos

1683 2220 1901 2281 autem
1927 2238 2144 2283 seruos
2179 2222 2422 2283 uestros
2449 2241 2565 2303 per

1683 2324 1922 2399 Iesum3
1988 2325 2187 2407 “quia
2243 2325 2398 2389 deus
2453 2328 2564 2408 qui

1684 2430 1840 2494 dixit
1893 2432 1972 2495 de
2023 2431 2294 2495 tenebris
2343 2431 2564 2497 lumen

1685 2535 2024 2602 clarescere
2066 2537 2292 2601 claruit
2315 2538 2380 2600 in
2425 2557 2564 2602 cor-

1684 2643 1868 2708 dibus
1929 2645 2172 2708 nostris
2251 2643 2337 2708 ad
2399 2645 2563 2709 inlu·

1683 2749 2102 2815 minationem
2264 2750 2564 2815 scientiae

1680 2854 1914 2936 gloriae
1985 2857 2117 2920 eius
2191 2857 2256 2922 in
2337 2857 2563 2921 faciem

1680 2960 1910 3026 Christi
1954 2962 2108 3026 Iesu.
2185 2961 2559 3027 'Habemus

1681 3071 1899 3132 autem
1939 3069 2357 3133 thensaurum
2388 3074 2554 3133 stum

1680 3176 1747 3239 in
1836 3175 2002 3239 uasis
2089 3175 2399 3251 fictilibus,
2488 3179 2561 3239 ut

1682 3282 2026 3345 eminentia
2056 3282 2306 3346 uirtutis
2352 3283 2430 3344 sit
2459 3280 2559 3345 dei

1681 3392 1745 3453 et
1788 3409 1918 3453 non
1961 3409 2041 3453 ex
2109 3389 2310 3452 nobis.

1685 3495 1797 3558 ⁸ln
1857 3496 2155 3559 omnibus
2208 3495 2558 3560 tribulatio-

1681 3620 1831 3664 nem
1855 3602 2130 3682 patimur
2148 3602 2258 3665 sed
2297 3621 2426 3665 non
2443 3623 2559 3666 an·

1680 3710 2027 3787 gustamur,
2062 3708 2427 3788 aporiamur
2446 3709 2559 3772 sed

1678 3831 1812 3875 non
1863 3813 2325 3894 exaporiamur,
2372 3815 2564 3895 9per--

1678 3919 2065 3982 secutionem
2104 3922 2401 4000 patimur,
2447 3921 2557 3984 sed

1678 4044 1808 4087 non
1834 4025 2347 4105 derelinquimur,
2373 4026 2561 4089 deici·

1678 4150 1823 4194 mur
1888 4131 1998 4195 sed
2058 4151 2185 4193 non
2243 4133 2556 4214 perimus

1685 4238 1870 4301 ¹⁰se1n
1877 4258 1990 4319 per
2006 4239 2556 4302 mortificationem

1682 4343 1813 4406 lesu
1874 4345 1939 4406 in
2015 4363 2273 4427 corpore
2339 4349 2558 4409 nostro

1678 4450 2203 4527 circumt'erenteS,
2240 4455 2312 4514 ut
2334 4455 2398 4514 et
2425 4452 2557 4515 uita

1674 4555 1811 4620 Iesu
1841 4556 1904 4619 in
1932 4557 2297 4639 corporibus
2327 4559 2556 4620 nostris

2578 839 2668 908 96

2688 1907 2722 1945 *
2737 1906 2881 1972 Non
2922 1907 3088 1972 enim
3121 1908 3369 1970 nosmet
3397 1905 3566 1989 ipsos

2687 2014 3130 2095 praedicamus
3185 2013 3298 2077 sed
3357 2012 3564 2078 Iesum

2688 2118 3008 2183 Christum
3052 2120 3405 2197 dominum,
3446 2139 3565 2184 nos

2686 2231 2903 2290 autem
2937 2244 3153 2290 seruos
3181 2230 3425 2290 uestros
3451 2245 3565 2308 per

2686 2331 2922 2407 Iesum;
3012 2332 3165 2414 quia
3240 2332 3398 2396 deus
3454 2331 3563 2415 qui

2690 2439 2844 2503 dixit
2903 2439 2982 2502 de
3027 2438 3300 2503 tenebris
3343 2438 3563 2502 lumen

2695 2544 3035 2609 clarescere
3062 2544 3289 2609 claruit
3321 2546 3388 2608 in
3423 2563 3561 2608 cor-

2687 2651 2872 2716 dibus
2955 2651 3184 2715 nostris
3265 2650 3351 2715 ad
3426 2650 3564 2715 illu-

2686 2758 3104 2821 minationem
3267 2757 3563 2822 scientiae

2686 2863 2921 2946 gloriae
2997 2864 3131 2928 eius
3205 2864 3271 2927 in
3337 2864 3561 2929 faciem

2684 2969 2913 3034 Christi
2967 2970 3122 3034 Iesu.
3233 2971 3561 3035 Habemus

2683 3081 2901 3142 autem
2943 3077 3319 3142 thesaurum
3370 3077 3562 3140 istum

2683 3185 2750 3247 in
2833 3183 3000 3247 uasis
3082 3183 3402 3260 fictilibus,
3488 3186 3561 3247 ut

2684 3289 3030 3354 eminentia
3058 3290 3306 3354 uirtutis
3340 3290 3419 3353 sit
3457 3289 3560 3353 dei

2655 3403 2749 3462 ·et
2791 3417 2924 3461 non
2968 3417 3046 3461 ex
3078 3397 3278 3461 nobis.

3241 4012 3315 4050 *2
3357 4011 3558 4075 Deici-

2685 4138 2828 4181 mur
2891 4119 3002 4181 sed
3064 4138 3194 4182 non
3239 4119 3531 4201 perimus.

3707 1153 3815 1218 ⁴in
3877 1153 4108 1235 quibus
4180 1154 4339 1219 deus
4395 1152 4582 1218 huius

3701 1259 3936 1324 saeculi
3956 1260 4319 1326 excaecauit
4336 1264 4582 1325 mentes

3703 1366 4082 1444 infidelium,
4099 1369 4174 1432 ut
4195 1386 4328 1431 non
4344 1367 4582 1448 fulgeat

3699 1472 4103 1537 inluminatio
4115 1473 4426 1554 euangelii
4445 1473 4580 1556 glo-

3699 1579 3833 1643 riae
3860 1578 4090 1644 Christi
4112 1580 4222 1661 qui
4251 1582 4346 1644 est
4369 1580 4578 1663 imago

3701 1685 3823 1749 dei.

3704 1895 3890 1960 ¹⁵Non
3929 1896 4101 1960 enim
4134 1898 4384 1961 nosmet
4412 1898 4576 1979 ipsos

3699 2002 3993 2085 praedica
4001 2022 4144 2067 mus
4214 2002 4326 2070 sed
4369 2003 4576 2068 Iesum

3698 2107 4020 2173 Christum
4063 2109 4415 2187 dominum,
4458 2131 4576 2176 nos

3698 2217 3912 2280 autem
3940 2235 4158 2280 seruos
4194 2221 4440 2281 uestros
4466 2237 4579 2300 per

3695 2321 3936 2397 Iesum;
4015 2323 4362 2405 ‘quoniam
4421 2326 4576 2390 deus

3697 2428 3806 2510 qui
3892 2428 4047 2492 dixit
4138 2429 4219 2493 de
4296 2431 4574 2496 tenebris

3695 2533 3901 2598 lucem
3942 2534 4379 2617 splendescere
4396 2585 4414 2614 ‚
4464 2537 4574 2620 qui

3695 2640 3919 2704 inluxit
3939 2641 4006 2704 in
4027 2642 4324 2707 cordibus
4347 2644 4572 2708 nostris

3695 2746 3780 2810 ad
3803 2747 4352 2815 inluminationem
4372 2750 4574 2814 scien·
4679 2823 4684 2830 ,

3696 2853 3823 2916 tiae
3865 2853 4163 2919 claritatis
4191 2855 4290 2920 dei
4317 2857 4384 2920 in
4416 2854 4572 2921 facie

3694 2957 3924 3024 Christi
3966 2960 4123 3024 Iesu.
4203 2961 4572 3027 'Habemus

3693 3069 3912 3130 autem
3956 3067 4331 3133 thesaurum
4379 3069 4572 3134 istum

3693 3173 3757 3236 in
3843 3174 4011 3237 uasis
4097 3174 4416 3254 fictilibus,
4502 3179 4574 3240 ut

3692 3279 4043 3344 sublimitas
4075 3281 4157 3344 sit
4187 3282 4434 3346 uirtutis
4472 3283 4570 3347 dei

3692 3390 3756 3451 et
3797 3406 3929 3450 non
3975 3408 4054 3451 ex
4096 3388 4297 3453 nobis.

3693 3493 3804 3556 ⁸In
3863 3494 4159 3557 omnibus
4217 3495 4571 3561 tribulatio-

3691 3619 3843 3664 nem
3860 3601 4139 3683 patimur
4158 3601 4270 3665 sed
4298 3620 4430 3666 non
4452 3623 4569 3668 an-

3689 3707 4061 3786 gustiamur,
4078 3709 4562 3789 aporiamursed

3688 3832 3817 3876 non
3880 3813 4309 3890 destituimur,
4382 3816 4408 3851 ⁹
4417 3835 4557 3895 per-

3687 3920 4078 3984 secutionem
4123 3921 4395 4004 patimur
4446 3920 4555 3984 sed

3688 4044 3819 4089 non
3866 4027 4390 4108 derelinquimur,
4433 4027 4562 4091 dei-

3689 4132 3890 4196 cimur
3932 4133 4043 4197 sed
4088 4153 4219 4197 non
4261 4137 4564 4216 perimus;

3699 4237 4001 4321 ¹⁰semper
4017 4240 4568 4306 mortificationem

3689 4343 3826 4408 lesu
3880 4346 3944 4407 in
3989 4366 4251 4428 corpore
4302 4348 4566 4411 circum-

3688 4449 3975 4526 ferenteS,
4022 4455 4092 4515 ut
4135 4458 4199 4527 et
4241 4454 4376 4517 uita
4427 4455 4567 4518 Iesu

3687 4556 3750 4619 in
3860 4558 4223 4639 corporibus
4336 4562 4565 4625 nostris

666 4739 729 4794 Α
801 4739 849 4791 9.
888 4760 935 4788 ιν
972 4760 1037 4803 χιι
1076 4760 1132 4787 υ
1170 4734 1485 4791 ΣΑΟΒΕ.
1566 4736 1642 4789 18.
1691 4738 1889 4795 lemma
1939 4736 2591 4792 ⁸SuCDcEFGHKLP.
2663 4765 2728 4776 -
2802 4758 2854 4787 oo
2909 4753 3005 4790 vor
3057 4738 3243 4795 dnum.
3295 4734 3436 4789 fehlt
3490 4734 3700 4790 WFG.
3789 4737 3868 4788 16.
3923 4739 4023 4792 δοξ.
4072 4760 4230 4789 remon·
4278 4738 4561 4794 C*D*FG.

802 4826 901 4882 δοξ.
945 4847 1033 4876 τοι·
1072 4828 1145 4875 θυ
1178 4821 1762 4879 ZAC³D⁶EHKLP
1798 4823 1945 4894 Orig.
2022 4824 2099 4877 17.
2136 4844 2206 4889 χει
2238 4817 2288 4889 ἷυ
2325 4821 2555 4876 DEFG
2593 4844 2644 4873 w
2682 4844 2752 4888 χυ
2787 4821 3133 4877 ΣΟΗΚῙιΡ
3170 4843 3240 4887 1¹¹
3273 4822 3337 4874 A.
3407 4820 3492 4909 31.
3541 4842 3593 4872 er
3630 4842 3700 4872 τω
3737 4843 3860 4876 οων.
3892 4843 4033 4887 numu
4073 4823 4304 4879 DEFG.
4386 4826 4470 4879 33.
4510 4844 4562 4876 υ

805 4931 908 4961 ‘1⁰0¹’
947 4930 1172 4969 011)ρίαοον
1211 4931 1349 4976 ''steen''
1396 4911 1449 4958 Σ

660 4999 730 5054 ΙΙ
806 4997 886 5050 13.
924 4998 1099 5050 lumen
1140 4996 1174 5049 d
1192 5010 1238 5064 g
1279 4995 1546 5059 Ambros„
1586 4994 1771 5065 vigil„
1790 4993 2164 5057 Ambrosiast„
2191 4993 2444 5058 Tertull„
2472 4995 2634 5048 Auct.
2659 4995 2713 5048 d.
2749 4993 2993 5063 proluiss.
3052 4994 3131 5047 14.
3155 4995 3447 5050 clarescere
3477 4995 3681 5051 claruit
3702 4996 3865 5049 Auct.
3888 4996 3941 5048 d.
3959 4993 4202 5064 promiss.
4283 4996 4360 5049 16.
4395 5001 4584 5052 scien-.

803 5083 913 5134 tiae
945 5082 1161 5151 ⁸olm-iae
1201 5084 1317 5136 eius
1354 5081 1449 5148 dg·
1493 5081 1709 5150 gloriae
1745 5084 2007 5136 scientiae
2041 5085 2162 5136 eius
2213 5082 2376 5135 Auct.
2412 5081 2464 5135 d.
2503 5079 2751 5149 promise.
2810 5082 3114 5148 aym‘tiom‘s
3146 5081 3361 5147 ‚qloriae
3396 5098 3530 5136 suae
3572 5080 3807 5135 Tertull.
3863 5082 4190 5149 comsit-ionia
4223 5082 4437 5151 ylariae
4474 5085 4565 5137 dei

803 5165 1161 5221 Ambrosiast.
1238 5167 1319 5221 17.
1359 5170 1417 5220 in
1445 5166 1655 5235 faciem
1692 5167 1744 5221 «l.
1818 5167 1896 5220 19.
1935 5167 2045 5235 vgl.
2082 5165 2305 5221 Einleit..
2343 5166 2461 5235 §11
2500 5165 2552 5220 S.
2577 5168 2657 5221 15.
2724 5166 2807 5219 31.
2846 5172 3034 5220 nostro
3074 5166 3170 5235 dg·
3204 5166 3548 5232 FloriacenS„
3584 5185 3666 5221 nr.
3697 5168 3776 5231 12,
3818 5167 3975 5229 iren„
4009 5166 4259 5231 'rettull.,
4297 5168 4561 5239 Ambros,

800 5251 1185 5313 Ambrosiast„
1228 5250 1527 5315 Gaudent„
1559 5252 1816 5315 Cassiod„
1857 5252 2167 5307 Scholiasta
2202 5251 2378 5315 Hier„
2419 5251 2631 5315 Sedul.,
2671 5252 2836 5307 Beda.

657 5340 717 5397 (2
786 5339 816 5369 ⁸
853 5339 919 5392 de
960 5335 1159 5407 spiritu
1200 5337 1257 5390 et
1293 5335 1489 5392 lit-tera
1523 5339 1788 5393 31.—1·2.
1842 5340 1975 5394 deus
2012 5342 2108 5409 qui
2146 5337 2293 5393 dixit
2330 5337 2396 5392 de
2438 5339 2672 5393 tenebris
2712 5339 2886 5393 lumen
2923 5339 3245 5405 clarescere,
3283 5339 3488 5394 claruit
3521 5341 3580 5393 in
3617 5339 3874 5393 cordibus
3903 5340 4111 5392 noxa-is
4143 5342 4339 5393 contra
4375 5340 4562 5394 Faust-

796 5424 880 5488 22,
921 5427 954 5477 8
990 5425 1187 5477 contra
1223 5423 1503 5478 adversar.
1542 5424 1648 5494 leg.
1685 5428 1744 5479 et
1779 5424 2034 5493 prophet.
2077 5424 2122 5487 1,
2166 5425 2245 5478 15.
2286 5451 2352 5462 -·
2389 5422 2474 5477 21.
2513 5426 2802 5480 eminentia
2838 5423 2998 5495 epist.
3040 5425 3155 5489 175,
3192 5425 3225 5479 3
3260 5425 3375 5478 und
3422 5423 3538 5487 188,
3572 5424 3620 5477 6.
3692 5424 3758 5454 *¹
3794 5441 3954 5478 serm.
3990 5425 4110 5479 274.
4305 5412 4312 5419 ⁰

657 5514 726 5568 Ι)
797 5512 846 5564 3.
876 5511 1103 5580 sulyeat
1136 5508 1252 5563 illis
1282 5523 1380 5577 vg.
1456 5510 1536 5564 12.
1574 5512 1837 5565 christum
1873 5510 1956 5564 tu.
2033 5512 2114 5564 14.
2149 5511 2325 5564 lumen
2363 5507 2446 5563 fu.
2522 5513 2641 5580 ipse
2677 5512 2887 5566 intumit
2922 5526 3019 5580 vg.
3088 5512 3173 5566 31.
3212 5513 3270 5566 in
3307 5527 3538 5581 corpore
3568 5516 3759 5565 nostro
3798 5510 3867 5564 tu
3903 5526 4001 5578 vg.

2360 5614 2393 5666 2
2426 5612 2547 5669 Cor.
2579 5614 2630 5679 4,
2664 5613 2854 5668 4-10,
