5117 6800
1043 1150 1137 1220 A

741 1284 1097 1367 *θεωρειτε
1140 1285 1213 1347 δε
1245 1288 1429 1368 πηλι-

742 1407 861 1455 κοσ
902 1408 1102 1456 omo&
1145 1414 1195 1452 ω
1241 1392 1431 1456 δεκα-

738 1519 858 1579 την
930 1501 1203 1579 αβρααμ
1273 1499 1430 1561 edw-

738 1624 849 1666 κεν
901 1627 972 1665 εκ
1045 1626 1178 1667 των
1243 1629 1429 1687 axae·-

649 1712 1009 1773 5·θιι·ειωι·
1087 1735 1121 1774 ο
1198 1734 1427 1793 πατρι-

739 1833 950 1898 aomo
1012 1818 1157 1881 ‘’xaae
1202 1842 1256 1881 οι
1304 1841 1431 1899 μεν

740 1944 811 1983 εκ
864 1945 995 1984 των
1054 1946 1204 1985 man·
1256 1925 1426 1988 λευει

739 2049 860 2110 την
901 2051 1226 2110 ‘semema‘
1265 2031 1427 2113 λαμ-

737 2137 1064 2215 βανοιτεσ
1160 2138 1427 2221 ενῑολην

654 2236 722 2294 1ss
740 2258 999 2320 εχουσιι·
1098 2245 1424 2307 cerradi-xa-

738 2368 876 2409 ton·
915 2370 1031 2410 τον
1072 2347 1233 2412 lator
1256 2375 1425 2415 κατα

738 2474 853 2515 τοι·
968 2476 1169 2534 νυμον
1271 2480 1427 2520 τουι·

739 2574 921 2623 εστιν
994 2577 1158 2624 τουσ
1239 2563 1429 2626 αδελ-

743 2682 921 2747 φουσ
946 2688 1163 2729 αυτων
1190 2691 1426 2751 καιπερ

656 2770 722 2826 Ῐ5
741 2771 1227 2854 εξεληλυθοτασ
1354 2799 1424 2838 εκ

739 2894 866 2959 ‘tvo’
921 2895 1181 2960 οσφυοσ
1217 2885 1423 2962 αβρα-

740 3006 835 3064 αμ
881 2988 957 3046 ⁶0
985 2984 1059 3046 δε
1094 3008 1184 3067 μη
1210 3009 1427 3067 γενεα-

738 3088 1133 3172 λογουμωυσ
1188 3097 1260 3168 εξ
1313 3118 1424 3157 αυ-

736 3217 867 3260 των
979 3198 1427 3264 δεδεκατωκεν

651 3306 721 3361 20
736 3306 1005 3386 αβρααμ
1101 3330 1205 3369 και
1308 3330 1425 3371 ιον

737 3433 973 3491 exona
1032 3430 1164 3479 τασ
1226 3438 1423 3498 enar-

735 3518 959 3598 γελιασ
1048 3520 1383 3604 ευλογηκεν

743 3731 984 3811 Ἷχωρισ
1055 3730 1129 3794 δε
1190 3749 1424 3816 naam·

650 3841 719 3898 25
739 3835 1113 3918 αιντιλογιασ
1140 3860 1215 3900 το
1238 3838 1423 3901 ελατ-

735 3964 853 4006 τον
896 3965 1029 4005 mro
1071 3966 1186 4006 του
1221 3966 1423 4026 κρειτ-

735 4067 934 4114 voveo
1019 4051 1371 4131 ευλογειται

738 4156 885 4220 ε’κοτε
947 4157 1073 4219 ωδε
1132 4179 1256 4236 μεν
1316 4158 1421 4219 δε-

734 4280 952 4329 κατασ
1072 4269 1420 4346 αποθνησ·

647 4386 875 4442 aonam
890 4387 968 4435 εσ
1071 4375 1420 4450 ανθρωποε

734 4477 1182 4559 λαμβανουσιν
1224 4554 1251 4560 -
1292 4499 1421 4540 εκει

734 4585 807 4647 δε
877 4599 1418 4666 μαρτυρουμειόσ

731 4714 829 4755 ou
854 4695 925 4774 ζη
962 4693 1109 4754 θκαι.
1129 4707 1221 4755 wo
1245 4706 1417 4755 εποσ

731 4820 941 4861 canent
1006 4798 1071 4860 δι
1143 4800 1415 4878 αβρααμ

1551 1285 1758 1347 tuum.
1807 1285 1835 1325 ⁴
1850 1285 2073 1350 Uidete
2084 1305 2238 1368 ergo

1552 1388 1757 1472 qualis
1797 1390 1902 1456 hic
1966 1394 2081 1480 ost,
2136 1392 2239 1456 cui

1550 1494 1870 1561 decimam
1988 1500 2236 1579 partem

1550 1600 1883 1667 Abraham
1938 1604 2117 1668 dedit
2158 1603 2238 1669 de

1549 1708 1835 1789 primitiis
1852 1710 2233 1792 patriarcha.

1551 1813 1672 1877 ‘Et
1712 1813 1778 1878 hi
1821 1816 2084 1898 quidem
2127 1819 2238 1899 qui

1546 1919 1627 1983 de
1688 1921 1826 1985 filiis
1876 1926 2027 1987 sunt
2082 1923 2239 1987 Leui

1544 2028 1981 2093 sacerdotium
2070 2030 2237 2094 acci-

1548 2133 1791 2215 pientes
1850 2135 2235 2201 mandatum

1546 2239 1793 2304 habent
1855 2259 1896 2307 a
1977 2243 2236 2308 decimis

1545 2346 1762 2430 populi
1880 2350 2235 2414 secundum

1546 2451 1747 2534 legem
1768 2453 1892 2519 hoc
1913 2457 2008 2519 aet
2037 2474 2079 2520 a
2106 2456 2233 2521 fra-

1554 2558 1756 2630 tribus
1797 2561 1952 2639 suiS,
2006 2580 2234 2642 quam·

1546 2664 1644 2728 uis
1684 2670 1747 2729 et
1791 2666 1905 2749 ipsi
1940 2685 2021 2732 ex
2068 2668 2233 2732 lum-

1548 2770 1641 2835 bis
1695 2770 2000 2838 Abrahae
2066 2775 2235 2840 exie-

1543 2876 1670 2941 rint
1714 2879 1748 2917 *
1788 2880 1823 2918 *
1864 2879 1903 2918 Ἰι

1541 4477 1576 4515 *
1619 4479 1654 4517 *
1694 4479 1729 4517 *
1778 4481 1887 4563 qui
1931 4480 2226 4547 testifica-

1540 4587 1646 4649 tur
1685 4604 1753 4650 se
1802 4587 2045 4662 uiuere3

1542 4691 1569 4729 ⁹
1586 4697 1646 4757 et
1668 4693 1837 4757 sicut
1858 4699 2103 4773 oportet
2130 4693 2227 4758 di-

1537 4816 1680 4863 cere
1718 4801 1978 4881 propter
2015 4799 2226 4875 Abra-

2633 965 2768 1034 136

2545 1281 2582 1321 '¹‘
2623 1282 2851 1348 Uidete
2896 1303 3048 1367 ergo

2362 1387 2570 1470 qualis
2622 1389 2724 1455 hic
2767 1393 2890 1468 ost,
2947 1392 3048 1457 cui

2361 1497 2425 1558 et
2457 1494 2772 1559 decimam
2794 1500 3046 1579 partem

2359 1600 2694 1666 Abraham
2750 1602 2927 1668 dedit
2966 1603 3046 1668 de

2359 1707 2643 1789 primitiis
2662 1709 3043 1791 patriarcha.

2362 1812 2440 1877 Et
2486 1813 2525 1877 ii
2598 1815 2859 1897 quidem
2935 1816 3045 1898 qui

2361 1919 2441 1984 de
2503 1919 2644 1985 filiis
2697 1924 2849 1986 sunt
2890 1921 3044 1987 Leui

2357 2028 2780 2094 sacerdotium
2878 2030 3043 2092 acci-

2358 2132 2603 2216 pientes
2659 2135 3043 2200 mandatum

2358 2238 2603 2304 habent
2681 2260 2721 2305 a
2787 2240 3044 2305 decimis

2355 2347 2575 2429 populi
2690 2347 3042 2412 secundum

2357 2452 2559 2534 legem
2652 2454 2775 2517 hoc
2859 2457 2954 2518 est
3001 2475 3045 2519 a

2356 2558 3042 2643 frat1ibussuiS,quam·

2358 2666 2454 2730 uis
2496 2669 2562 2730 et
2603 2666 2720 2749 ipsi
2757 2686 2836 2730 ex
2876 2667 3043 2732 lum-

2354 2771 2450 2835 bis
2505 2771 2812 2839 Abrahae
2880 2774 3042 2838 exie-

2353 2879 2512 2953 rint;

2355 2985 2464 3068 qui
2508 2989 2726 3049 autem
2770 3003 2901 3049 non
2946 2988 3041 3049 est

2355 3111 2435 3156 ex
2523 3111 2755 3172 genere
2818 3110 3041 3156 eorum

2355 3197 3042 3262 decimauitAbraham

2353 3308 2417 3368 et
2482 3304 2829 3368 habentem
2894 3323 3040 3386 pro-

2354 3413 2716 3477 missionem
2843 3411 3040 3476 bene-

2352 3517 2524 3582 dixit.

2352 3729 2502 3794 Sine
2594 3730 2723 3794 ulla
2819 3735 3035 3796 autem

2352 3836 2849 3901 contradictione
2928 3837 3038 3919 qui

2351 3944 2562 4006 minor
2594 3945 2689 4005 est
2720 3963 2760 4008 a
2797 3944 3037 4007 maiore

2352 4048 2761 4113 benedicitur.

2352 4155 2437 4220 Et
2482 4156 2584 4219 hic
2628 4156 2885 4237 quidem
2928 4158 3038 4222 de-

2347 4261 2545 4327 cimas
2565 4262 2905 4327 morientes
2920 4262 3037 4327 ho-

2349 4368 2553 4434 minos
2582 4369 2917 4459 accipiunt,
2951 4369 3037 4434 ibi

2354 4479 2578 4540 autem
2601 4477 2710 4559 qui
2741 4474 3037 4539 testifica-

2351 4586 2459 4649 tur.
2498 4602 2568 4646 se
2609 4581 2854 4656 uiuere3

2350 4693 2413 4754 et
2461 4689 2623 4753 sicut
2650 4690 2900 4770 oportet
2941 4687 3038 4751 di·

2349 4816 2488 4865 cere
2530 4797 2787 4879 propter
2825 4792 3036 4859 Abra-

3166 1284 3195 1328 *
3215 1283 3582 1354 Intuemini.
3629 1287 3852 1356 autem

3162 1394 3443 1473 quantus
3477 1392 3560 1458 sit
3582 1391 3705 1469 hia,
3747 1391 3852 1462 ai

3160 1499 3230 1564 et·
3301 1497 3584 1564 decimas
3674 1497 3852 1566 dedit

3160 1603 3242 1670 de
3264 1604 3620 1687 pmeeipuis
3638 1604 3850 1674 Abra.-

3159 1709 3316 1778 ham
3378 1709 3764 1793 patriarcha.

3163 1815 3278 1882 ‘Et
3305 1816 3568 1899 quidem
3587 1816 3678 1882 ‘de
3705 1815 3852 1884 filiis

3157 1922 3314 1990 Leui
3418 1923 3852 1990 sacerdotium

3157 2029 3536 2111 accipientes
3570 2029 3852 2096 manda·-

3157 2139 3297 2199 tum
3371 2135 3616 2200 habent
3675 2134 3844 2200 deci-

3157 2260 3299 2306 mas
3339 2260 3590 2307 sumere
3644 2260 3685 2305 a
3727 2261 3844 2323 po-

3155 2347 3309 2430 pulo
3348 2348 3702 2413 secundum
3753 2347 3843 2412 le-

3156 2473 3300 2535 gem
3367 2453 3438 2518 id
3496 2458 3592 2518 est
3629 2472 3672 2517 a
3712 2455 3841 2519 fra-

3156 2560 3358 2624 tribus
3397 2560 3526 2623 suis
3539 2608 3554 2638 ‚
3611 2580 3848 2643 quam·

3157 2684 3356 2748 quam
3365 2669 3434 2731 et
3445 2666 3561 2749 ipsi
3578 2667 3843 2734 exierint

3155 2772 3236 2837 db
3258 2771 3492 2838 lumbis
3505 2773 3842 2849 Abrahae;

3159 2984 3390 3050 ‘cuius
3431 2988 3656 3052 autem
3729 2997 3844 3064 ge·-

3155 3091 3401 3158 nerano
3456 3110 3592 3158 nan
3633 3091 3844 3160 adim-⁹

3156 3201 3446 3263 metatur
3461 3197 3536 3264 itt
3555 3196 3844 3262 eis-decir-

3156 3321 3294 3368 mas
3332 3303 3614 3388 sumpsit.
3632 3303 3843 3370 Ahm-

3156 3409 3310 3474 ham
3377 3414 3443 3475 et
3489 3411 3677 3485 „hunc
3732 3410 3842 3493 qui

3154 3516 3437 3581 habebat
3506 3519 3842 3600 repromis-

3152 3622 3366 3689 s‘o‘nes
3417 3623 3755 3699 benedixit.

3161 3728 3184 3765 ‘¹
3199 3728 3350 3795 Sine
3423 3729 3554 3795 ulla
3620 3733 3841 3797 autem

3155 3838 3328 3901 conti
3338 3835 3653 3903 affictione
3663 3837 3840 3918 quod

3153 3941 3480 4007 minusest
3512 3961 3555 4007 a
3579 3943 3840 4011 meliore

3152 4046 3564 4113 benedicitur.

3156 4152 3276 4219 ⁸Et
3307 4153 3411 4219 hic
3438 4153 3699 4235 quidem
3727 4155 3840 4223 de·

3154 4260 3350 4327 cimas
3369 4261 3706 4327 morientes
3722 4262 3841 4327 ho-

3153 4366 3354 4432 mines
3377 4367 3714 4449 accipiunt,
3753 4369 3839 4435 ibi

3152 4476 3372 4537 autem
3449 4476 3837 4539 contestatus

3152 4579 3305 4661 quia
3346 4578 3533 4654 uiuit;

3155 4686 3183 4723 ⁹
3200 4688 3265 4750 et
3327 4687 3402 4749 ut
3458 4685 3546 4750 ita
3595 4683 3836 4749 dictum

3152 4791 3232 4856 sit
3309 4811 3423 4875 per
3501 4790 3836 4859 Abraham

3966 1287 4253 1366 potuum·
4284 1286 4510 1354 uidetis
4529 1307 4656 1354 au-

3964 1394 4098 1462 tem
4129 1397 4422 1474 quantus
4435 1394 4518 1462 sit
4547 1394 4662 1462 hic

3963 1498 4065 1564 aui
4105 1499 4402 1566 decimas
4459 1500 4658 1570 abra-

3961 1602 4118 1670 ham
4159 1604 4354 1670 dedit·
4398 1606 4482 1672 de
4521 1608 4664 1690 pri--

3961 1708 4219 1776 mitibus
4291 1713 4662 1796 principans.

3959 1817 4147 1897 patri·
4191 1819 4258 1882 et
4289 1817 4358 1884 hi
4386 1820 4660 1902 quidem·

3959 1921 4068 2003 qui
4147 1922 4231 1990 de
4319 1923 4457 1992 filiis
4521 1925 4646 1998 lem

3957 2031 4125 2096 sunt·
4217 2031 4650 2102 sacerdotium

3957 2133 4353 2215 accipientes.
4458 2158 4652 2206 man-

3958 2239 4184 2306 datum
4230 2241 4491 2312 habent·
4532 2245 4648 2312 de-

3958 2345 4158 2414 cimas
4252 2366 4506 2416 sumere
4602 2371 4646 2417 a

3955 2452 4211 2534 populo·
4289 2456 4650 2524 secundum

3957 2556 4180 2639 legem·
4209 2559 4276 2624 id
4299 2564 4398 2626 est
4419 2561 4646 2629 stanes

3954 2682 4120 2732 suas·
4245 2685 4642 2750 quamquam

3956 2770 4066 2851 qui
4145 2773 4451 2842 exieram.
4557 2776 4652 2850 de,

3953 2878 4195 2946 senune
4255 2879 4556 2948 abrahae.

3955 2983 4065 3064 qui
4169 2988 4388 3052 autem
4506 3007 4640 3056 non

3955 3094 4385 3160 enumeratur·
4430 3094 4512 3160 de
4541 3095 4646 3162 his

3956 3192 4236 3262 decimas
4283 3200 4509 3266 sumsit
4552 3202 4652 3270 ab.

3955 3301 4291 3374 abaham·
4350 3309 4416 3374 et
4460 3307 4642 3376 hunc

3957 3410 4064 3490 qui
4081 3409 4407 3478 habebam
4419 3432 4638 3500 repro·

3955 3516 4304 3583 missiones.
4437 3522 4638 3591 bene·

3956 3620 4129 3687 dixit.

3952 3727 4087 3795 sine
4102 3727 4234 3797 ulla
4247 3736 4468 3797 autem
4481 3753 4642 3799 con-

3953 3836 4280 3903 trouersia.
4316 3839 4490 3920 quod
4518 3842 4638 3905 mi-

3952 3941 4200 4031 nimum
4260 3947 4356 4011 est
4406 3963 4447 4009 a
4502 3966 4639 4013 me-

3952 4045 4105 4113 liore
4190 4049 4597 4121 benedicitur.

3951 4156 4020 4217 et
4055 4153 4123 4218 hi
4161 4156 4424 4238 quidem
4465 4158 4638 4225 deci·-

3952 4278 4112 4325 mas-
4155 4262 4497 4328 morientes
4519 4263 4639 4329 ho-

3951 4366 4153 4430 mines
4180 4367 4520 4451 accipiunt·
4551 4371 4644 4439 ihi

3952 4475 4171 4537 autem
4246 4480 4638 4543 contestatus

3952 4578 4105 4660 quia
4147 4579 4323 4647 uiuit.

3950 4687 4014 4749 et
4087 4689 4637 4769 quemadmodum

3952 4790 4161 4859 dicam
4238 4795 4507 4861 abraam
4571 4800 4637 4862 et

731 5054 795 5109 Α
870 5051 918 5107 2.
961 5074 1000 5103 ω
1029 5052 1241 5117 dentum
1259 5050 1338 5104 D*
1354 5050 1427 5104 E*
1462 5073 1502 5103 a»
1524 5071 1609 5103 κω
1632 5052 1849 5119 denam»
1872 5053 1927 5101 Σ
1938 5051 1985 5105 A
2004 5049 2211 5105 CD‘E⁸
2230 5048 2349 5105 KL.
2418 5049 2496 5103 12.
2527 5068 2648 5100 ‘navt
2671 5066 2827 5111 εστιν,
2852 5046 2950 5099 das
2984 5034 3137 5100 8011815
3157 5043 3419 5114 nirgends
3441 5043 3601 5107 fehlt,
3627 5042 3778 5098 istiu
3795 5045 3841 5099 Β
3876 5063 3967 5100 am
3983 5045 4176 5101 Raude
4201 5045 4633 5119 nachgetmgen.

730 5140 801 5195 B
874 5138 921 5191 1.
960 5136 1162 5192 uidetis
1211 5143 1455 5206 quantus
1495 5138 1571 5192 sit
1608 5138 1725 5202 hic,
1778 5139 1869 5191 cui
1918 5136 2157 5192 decimas
2211 5136 2363 5193 dedit
2402 5136 2687 5191 Abraham
2733 5132 2801 5186 de
2845 5132 3156 5203 primitiuis
3201 5132 3463 5202 princeps
3512 5136 3739 5200 patrum
3787 5133 3948 5186 Auct.
4000 5135 4212 5201 quaest.
4258 5149 4325 5187 ex
4376 5134 4558 5201 utroq.
4593 5136 4635 5188 t.

871 5225 952 5279 10.
995 5243 1036 5279 s.
1074 5223 1162 5278 die
1202 5223 1563 5279 Vorbemerk.
1601 5222 1653 5277 S.
1694 5223 1778 5277 60.
1853 5224 1933 5276 19.
1968 5222 2206 5279 decimas
2242 5224 2484 5294 sumpsit
2516 5223 2776 5277 Abrahae
2805 5218 2989 5274 Sedul.
3060 5218 3144 5272 24.
3184 5220 3302 5272 sinc
3336 5216 3504 5272 dubio
3542 5218 3682 5273 enim
3718 5218 3870 5288 quod
3904 5220 4189 5281 minimum
4228 5226 4309 5276 est
4343 5236 4380 5274 a
4414 5222 4639 5277 meliore

866 5311 1205 5367 benedicitur
1242 5309 1403 5362 Auct.
1442 5311 1657 5378 quaest.
1694 5325 1762 5363 ex
1799 5310 1983 5377 utroq.
2019 5312 2060 5363 t.
2133 5308 2216 5363 31.
2250 5308 2331 5363 iba·
2366 5314 2550 5363 autem
2585 5313 2924 5363 contestatus
2964 5312 3045 5361 est
3079 5305 3215 5375 quia
3248 5305 3396 5358 uiuit
3434 5302 3621 5358 Sedul.

729 5400 788 5458 c
867 5398 895 5429 ¹⁸
929 5397 997 5452 de
1035 5396 1229 5452 Genea.
1271 5394 1342 5449 ad
1384 5394 1552 5450 litter.
1598 5395 1678 5459 10,
1713 5395 1798 5449 34.
1834 5424 1901 5436 -
1942 5396 1986 5449 1.
2024 5409 2150 5466 erqo
2187 5393 2296 5448 hat.
2332 5393 2585 5449 Sabatier
2620 5392 2708 5447 bei
2746 5390 2924 5447 seiner
2960 5390 3241 5447 Abschrift
3279 5390 3593 5445 fibersehen.

728 5486 798 5542 l)
869 5485 918 5539 3.
957 5483 1196 5538 decimas
1232 5482 1377 5536 ohne
1416 5488 1467 5535 et
1486 5479 1571 5536 fu.
1641 5480 1724 5535 20.
1763 5482 1833 5535 ab
1871 5481 2153 5536 Abraham
2188 5495 2287 5548 vg.

726 5573 788 5630 Β
866 5572 915 5625 4.
953 5569 1021 5624 de
1052 5570 1361 5639 primitiuis
1401 5567 1524 5623 Sab.
1595 5566 1645 5622 6.
1682 5573 1734 5622 et
1767 5568 1828 5622 ln·
1862 5568 1959 5636 qui
1997 5566 2064 5621 de
2099 5566 2226 5622 Sab.
2308 5565 2389 5618 19.
2424 5565 2620 5621 sumsit
2655 5564 2922 5621 abraham
2958 5562 3081 5618 Sab.
3150 5562 3235 5617 21.
3270 5560 3503 5617 habebat
3537 5560 3663 5615 Sab.
3733 5560 3819 5615 28.
3853 5562 3946 5618 hic
3978 5561 4104 5617 Sab.
4175 5563 4259 5619 31.
4298 5572 4637 5622 contestatur

862 5658 990 5712 Sab.
1061 5657 1144 5709 34.
1184 5657 1449 5710 abraham
1489 5654 1614 5708 Sab.
3165 5660 3172 5666 ·

2448 5752 2615 5810 Hebr.
2656 5754 2706 5819 7,
2752 5754 2907 5808 4-9,
