5117 6800
1355 1014 1448 1085 A

2834 828 2931 897 80

3346 1015 3422 1086 (3

947 1169 1168 1215 νουσιν
1187 1172 1294 1213 και
1323 1173 1379 1212 ει
1406 1170 1477 1212 εν
1502 1171 1652 1231 viui·
1679 1172 1844 1231 κρει-
1938 1149 2006 1216 in
2050 1146 2232 1212 nobis
2276 1146 2593 1213 iudicatur
2650 1166 2839 1216 mun-
2930 1149 2983 1214 si
3046 1150 3112 1213 in
3188 1148 3371 1214 uobis
3451 1148 3831 1215 iudicabitur

948 1279 1129 1321 νεται
1188 1280 1223 1321 ο
1282 1272 1536 1338 κοσμοο·
1589 1259 1845 1334 αιάξιοι

947 1381 1102 1429 εστε
1127 1385 1458 1446 κριτηριων
1488 1362 1845 1445 ελαχιστων

949 1469 1103 1535 8ουκ
1144 1469 1366 1532 oudone
1405 1493 1503 1533 οτι
1532 1470 1845 1551 αγγελυυσ

892 1595 929 1649 5
948 1598 1288 1658 κρινουμεν
1315 1598 1539 1657 μητιγε
1576 1581 1845 1658 βιωτικα

951 1684 977 1723 ⁴
992 1686 1262 1764 βιωτικα
1301 1704 1425 1764 μετ’
1476 1705 1590 1744 ουν
1640 1706 1844 1767 κριτη-

948 1813 1055 1872 pta
1096 1812 1212 1852 εαν
1254 1811 1441 1871 εχητε
1479 1810 1638 1853 ‘cova
1671 1792 1845 1865 εξου·

949 1900 1365 1980 θετημενουσ
1409 1918 1479 1959 εν
1520 1918 1599 1978 τη
1628 1896 1842 1980 εκκλη·

948 2019 1060 2068 σια
1141 2018 1416 2067 τουτουσ
1496 2005 1798 2080 καθιζετε

860 2121 928 2176 10
951 2111 978 2149 ⁵
1004 2126 1179 2190 προσ
1271 2129 1594 2192 εντροπην
1688 2131 1842 2191 υμιι·

944 2216 1117 2280 λαλω
1173 2231 1388 2280 ουτωσ
1448 2238 1562 2277 ουκ
1619 2237 1713 2278 ενι
1769 2238 1842 2279 εν

946 2344 1096 2405 υμιν
1166 2322 1387 2385 ουδεισ
1455 2337 1673 2404 σοφοσ
1761 2337 1842 2385 οσ

945 2430 985 2491 δ
992 2445 1293 2513 ωῇσεται
1319 2428 1674 2508 diano-snut
1687 2447 1842 2488 ανα-

944 2553 1151 2616 μεσον
1180 2557 1295 2597 του
1320 2533 1612 2618 αδελφου
1640 2555 1842 2597 αυτου

861 2639 927 2692 15

948 2751 975 2789 ⁶
1004 2747 1169 2812 aua

947 2853 1238 2936 αδελφου

948 2983 1142 3023 τουτο
1182 2980 1293 3022 sm
1330 2976 1634 3022 απιστων
1680 2959 1846 3043 Ίηδη

948 3089 1074 3150 μεν
1154 3088 1267 3130 ουν
1351 3063 1521 3128 ολωσ
1589 3087 1846 3150 ηττημα

853 3182 923 3240 20
952 3196 1103 3257 υμιν
1165 3189 1346 3238 εστιν
1396 3193 1495 3235 οτι
1561 3193 1844 3254 κριματα

940 3302 1123 3361 εχετε
1165 3282 1305 3360 μεθ
1347 3300 1597 3341 εαυτων
1627 3278 1740 3343 δια
1778 3302 1843 3341 τι

940 3411 1080 3469 ουχι
1162 3384 1410 3468 μαλλον
1494 3384 1840 3452 αδικεισθε

940 3495 1051 3559 δια
1094 3517 1157 3557 τι
1200 3516 1340 3572 ουχι
1381 3489 1631 3574 μαλλον
1674 3515 1838 3555 απο-

942 3604 1293 3684 στερεισθε
1356 3600 1385 3637 ⁸
1408 3598 1576 3662 αλλα
1643 3614 1837 3679 υμεισ

853 3730 922 3785 25
941 3707 1219 3771 αδικειτε
1259 3728 1366 3768 και
1410 3721 1838 3786 αποστερειτε

937 3837 1043 3877 και
1100 3835 1291 3877 τουτο
1349 3810 1687 3896 αδελφουσ
1750 3812 1835 3895 1ἠ

935 3944 1049 3985 ουκ
1093 3919 1312 3984 andare
1354 3942 1452 3982 οτι
1493 3917 1704 3982 αδικοι
1737 3922 1834 3981 θυ

930 4027 1273 4110 βασιλειαν
1367 4047 1441 4088 ου
1536 4024 1831 4108 κληρονο-

1276 2745 1573 2828 αδελφοσ
1670 2767 1841 2827 μετα

1316 2858 1651 2934 'uestram
1732 2876 1840 2916 και

1939 1253 2061 1319 dus
2074 1255 2106 1317 Ῥ
2185 1251 2432 1334 Indigni
2470 1257 2622 1319 sunt
2678 1253 2839 1320 iudi-

1940 1360 2182 1426 ciorum
2225 1360 2650 1425 minimorum.

1944 1466 2245 1532 ⁸Naecitis
2270 1467 2422 1550 quia
2447 1467 2704 1549 angelos
2735 1469 2837 1532 iu-

1941 1571 2286 1638 dicabimus
2335 1573 2574 1638 nedum
2613 1593 2837 1639 saecu-

1943 1679 2140 1745 laria?
2195 1678 2610 1745 *Βαθοώωὲα
2650 1679 2836 1763 igitur

1940 1785 2167 1851 iudicia
2204 1786 2258 1850 si
2295 1786 2640 1851 habueritis
2655 1836 2671 1866 ‚
2726 1808 2834 1854 eos

1940 1893 2050 1975 qui
2106 1892 2606 1976 contemptibiles
2685 1898 2835 1960 sunt

1936 2000 2001 2063 in
2029 1999 2308 2078 eeclesia,
2349 2000 2468 2064 hos
2488 2001 2832 2067 conlocate.

1940 2106 1968 2144 ⁶
1981 2105 2087 2171 Ad
2159 2107 2586 2171 reuerentiam
2654 2108 2834 2173 uobis

1944 2212 2102 2276 dico,
2190 2212 2292 2278 Sic
2346 2233 2479 2278 non
2523 2216 2619 2279 ost
2669 2215 2832 2280 inter

1938 2338 2055 2383 uos
2139 2320 2475 2402 quisquam
2561 2323 2830 2405 sepiem,

1939 2426 2048 2507 qui
2110 2426 2302 2507 possit
2362 2428 2526 2491 inter
2571 2427 2829 2493 fratrem

1936 2550 2123 2595 suum
2166 2533 2482 2598 iudicare?

1941 2746 1967 2782 ⁶
1985 2744 2097 2809 sed
2164 2744 2355 2809 frater
2423 2765 2572 2810 cum
2641 2747 2837 2813 fratre

1935 2850 2251 2917 iudicatur
2312 2855 2378 2917 et
2460 2853 2584 2918 hoc
2679 2857 2838 2937 aput

1942 2958 2225 3024 infideles
2240 2962 2270 3023 P
2357 2960 2382 2998 '¹
2396 2958 2530 3023 Iam
2575 2959 2836 3042 quidem

1940 3065 2201 3130 omnino
2223 3065 2523 3131 delictum
2541 3070 2653 3145 est,
2686 3069 2838 3151 quia

1938 3170 2173 3237 iudicia
2214 3171 2462 3237 habetis
2487 3172 2836 3241 uobiscum.

1936 3277 2152 3358 Quare
2196 3298 2327 3344 non
2368 3281 2568 3361 mayis
2608 3281 2837 3365 iniqui-

1936 3389 2138 3455 tatem
2201 3387 2491 3470 patimini
2505 3390 2538 3452 i>
2634 3408 2836 3473 quare

1935 3512 2067 3558 non
2124 3494 2330 3575 potius
2406 3494 2835 3560 fiandamini?

1943 3599 1970 3638 ⁸
1997 3599 2109 3663 sed
2216 3617 2331 3664 uos
2432 3601 2834 3684 iniquitatem

1887 3738 1891 3742 >
1942 3705 2141 3769 facitis
2182 3707 2246 3769 et
2276 3706 2583 3771 fraudatis
2620 3711 2683 3772 et
2709 3708 2832 3774 hoc

1936 3811 2175 3875 hanes.
2221 3810 2249 3849 ⁹
2262 3811 2369 3876 An
2408 3814 2656 3878 nescitis
2682 3815 2832 3896 quia

1938 3917 2147 3981 iniusti
2204 3936 2473 3999 regnum
2533 3919 2635 3984 dei
2700 3940 2830 3986 non

1931 4024 2427 4089 hereditabunt?
2481 4024 2687 4090 Nolite
2730 4047 2829 4092 er-

928 4227 997 4283 Δ
1071 4226 1115 4279 1.
1155 4245 1199 4276 ει
1232 4221 1504 4278 fehltff.
1581 4220 1664 4275 20.
1698 4241 1753 4273 ev
1789 4241 1909 4282 ιμιν
1883 4217 2202 4285 ινἺΜίηΠΒῙΚ
2242 4219 2391 4291 Orig.

927 4313 999 4369 B
1072 4312 1191 4365 1.si
1224 4308 1369 4364 fehlt
1402 4307 1454 4362 d.
1489 4306 1664 4362 Hilar.
1695 4307 1930 4362 iambis
1958 4305 2316 4361 Ambrosiast.
2386 4308 2435 4361 2.
2462 4307 2681 4378 indiqm'
2705 4324 2832 4380 erqo
2866 4312 3034 4363 sunt
3068 4305 3398 4370 huiusmodi,
3433 4306 3536 4375 qui
3564 4304 3633 4359 de
3653 4306 3897 4361 minimis
3922 4305 4165 4363 iudicem
4195 4308 4552 4365 Ambrosias&
4583 4303 4753 4376 &difflui

1064 4394 1561 4453 eamindiciorum
1596 4394 1945 4449 minimorum
1979 4391 2085 4461 dg.
2169 4393 2220 4447 4.
2256 4409 2389 4462 qma
2425 4392 2600 4447 Hilar.
2682 4393 2731 4448 9.
2768 4394 2898 4448 illos
2940 4394 3253 4448 constituite
3286 4392 3430 4448 ohne
3465 4391 3541 4445 ad
3578 4390 3935 4447 iudicandam
3974 4392 4415 4461 dtg.10.ad
4445 4394 4752 4450 remor-attium

1065 4483 1225 4537 uobis
1260 4480 1296 4535 d
1332 4480 1409 4536 ad
1443 4481 1803 4535 reuerentiam
1837 4486 2077 4534 nesti-am
2111 4477 2470 4533 Ambrosiast.
2548 4479 2626 4533 17.
2672 4477 2958 4533 iudicatur
2993 4479 3134 4532 Aeta
3183 4496 3344 4549 purg.
3378 4476 3574 4533 Caecil.
3621 4476 3711 4533 bei
3745 4477 3932 4548 Optat.
3980 4496 4033 4549 p.
4068 4480 4229 4534 2640.
4309 4483 4389 4537 19.
4425 4485 4555 4553 quia
4583 4478 4754 4534 maccio

1063 4569 1275 4625 habetis
1308 4568 1591 4623 uobiscum
1626 4565 1980 4636 Sedu1.quia
2014 4564 2130 4619 iud.
2166 4566 2377 4620 habetis
2408 4567 2553 4619 inter
2588 4580 2690 4619 uos
2726 4564 2762 4618 d
2798 4566 2931 4635 quia
2965 4563 3080 4619 iud.
3115 4564 3327 4619 habetis
3361 4580 3482 4618 oum
3515 4564 3747 4618 inuicem
3795 4562 4059 4634 cyprian.
4126 4565 4210 4620 21.
4245 4568 4510 4623 inim-iam
4536 4559 4757 4636 patu-aian·

1067 4654 1119 4719 d,
1159 4651 1437 4723 cyprian„
1476 4651 1836 4706 Ambrosiast.
1872 4651 1980 4722 (ed.
2002 4649 2199 4720 Rom).
2266 4650 2349 4704 23.
2376 4649 2734 4718 fraudamini
2764 4646 2894 4704 ibid.
2958 4649 3043 4704 27.
3073 4652 3269 4705 iniusti
3289 4648 3563 4720 cyprian„
3600 4648 3742 4704 [ren.
3813 4650 3897 4705 28.
3933 4650 4318 4709 hereditabunt
4351 4654 4488 4709 Iren.

929 4743 988 4800 c
1065 4741 1115 4795 7.
1161 4756 1253 4796 eos
1309 4742 1407 4809 qui
1454 4738 1843 4794 contemtibiles
1886 4745 2015 4792 sunt
2047 4734 2326 4792 Euchirid.
2365 4735 2429 4789 21
2470 4736 2537 4790 de
2585 4751 2731 4805 oper.
2769 4735 3018 4791 monach.
3055 4736 3122 4790 37
3169 4738 3364 4791 eontra
3402 4735 3586 4791 Fauni..
3622 4737 3672 4799 5,
3708 4736 3757 4790 9.
3813 4766 3878 4777 -
3931 4737 3980 4790 9.
4029 4738 4131 4793 hoe
4168 4739 4433 4796 collocato
4459 4738 4546 4794 die
4579 4736 4754 4792 benten

1064 4824 1522 4891 Handschriftem
1565 4826 1667 4880 hos
1700 4825 2014 4880 constituite
2047 4823 2123 4877 ad
2160 4821 2514 4877 iudicandum
2550 4820 2641 4876 die
2676 4821 3000 4893 Ausgaben3
3048 4824 3149 4877 hos
3166 4823 3447 4878 collocate
3479 4822 3629 4877 steht
3660 4821 3805 4876 noch
3839 4821 4117 4877 Enehirid.
4153 4824 4216 4878 21
4266 4826 4337 4880 de
4373 4843 4514 4897 oper.
4550 4817 4754 4879 monach.

1064 4913 1130 4967 37
1165 4913 1358 4968 contra
1390 4911 1579 4966 Faust.
1615 4913 1666 4976 5,
1700 4914 1752 4966 9.
1801 4939 1865 4950 —
1921 4910 2001 4964 10.
2037 4910 2398 4963 reuerentiam
2431 4909 2590 4964 uobis
2625 4907 2901 4963 Enehirid.
2934 4909 3000 4964 21
3053 4908 3123 4963 de
3155 4925 3301 4978 oper.
3339 4909 3586 4963 monach.
3622 4908 3706 4961 37.
3739 4936 3807 4948 ·-

1067 4997 1148 5053 13.
1182 5001 1326 5053 inter
1346 5000 1587 5069 fratrem
1624 5014 1785 5054 suum
1821 4996 2069 5052 iudicare
2103 4994 2239 5049 ibid.
2276 5024 2342 5034 —
2381 4995 2460 5049 16.
2496 4994 2780 5050 iudicatur
2813 4994 2950 5050 ibid.
2987 5025 3055 5035 -
3095 4995 3174 5049 19.
3212 4995 3466 5051 delictum
3500 5001 3580 5049 est
3613 4993 3889 5049 Euchirid.
3924 4995 3989 5049 21
4029 4995 4098 5050 de
4131 4998 4459 5068 eorreption.
4495 5000 4553 5052 et
4580 4994 4704 5067 grat-
4730 4990 4754 5042 5

1065 5082 1208 5154 (hier
1240 5084 1410 5156 fflgen
1448 5084 1539 5140 die
1571 5084 1869 5155 Ausgaben
1907 5098 2085 5154 gegen
2117 5081 2206 5136 die
2242 5080 2735 5137 handsohriftliche
2771 5081 3225 5152 Ueberlieferung
3258 5084 3318 5136 in
3351 5082 3511 5136 uobis
3543 5080 3657 5150 bei)
3695 5081 3951 5136 delictum
3985 5088 4068 5137 est
4101 5083 4161 5138 in
4195 5086 4355 5140 uobis
4385 5088 4574 5139 eontra
4603 5079 4753 5136 Fausi-

1064 5170 1113 5235 5,
1152 5171 1201 5223 9.
1251 5199 1317 5209 -
1364 5156 1502 5240 quia
1535 5170 1749 5226 iudicia
1785 5169 1998 5226 habet-2⁶8
2031 5169 2309 5223 uobiscum
2346 5167 2626 5222 Enchirid.
2659 5168 2723 5225 21
2776 5168 2844 5223 de
2881 5166 3208 5237 corrept-ion.
3244 5170 3304 5222 et
3333 5169 3479 5238 grat.
3528 5168 3560 5221 5
3596 5169 3790 5222 eontra
3813 5166 4000 5221 Faust.
4040 5169 4089 5233 5,
4122 5169 4170 5223 9.
4247 5200 4308 5211 —
4371 5171 4453 5223 21.
4488 5183 4643 5238 quare
4667 5177 4754 5218 non

965 5322 968 5326 Δ
1058 5257 1236 5328 maqis
1284 5257 1632 5326 iniquitatem
1668 5257 1936 5328 patimini
1983 5253 2259 5310 Euchirid.
2293 5253 2359 5307 21
2413 5271 2585 5323 quare
2628 5256 2769 5309 enim
2818 5270 2931 5309 non
2975 5256 3155 5325 maqis
3202 5255 3552 5324 iniquitatem
3583 5254 3850 5324 patimini
3898 5253 3966 5310 de
3995 5256 4326 5327 eorreption.
4375 5258 4435 5313 et
4468 5256 4604 5327 grat.
4636 5254 4678 5304 5.
4700 5273 4751 5287 -·-

1060 5342 1144 5397 23.
1179 5344 1376 5413 potius
1403 5342 1761 5412 fraudamini
1782 5340 2065 5397 Enchirid.
2094 5341 2159 5394 21
2186 5340 2253 5395 de
2279 5339 2608 5410 correption.
2638 5341 2697 5395 et
2726 5340 2871 5412 grat.
2902 5341 2951 5393 5.
2977 5369 3045 5380 —
3063 5340 3148 5395 24.
3184 5341 3530 5409 ubiquitatem
3564 5338 3632 5394 de
3668 5339 3996 5410 eorreption.
4033 5344 4093 5396 et
4126 5348 4270 5414 grat.
4294 5344 4342 5397 5.
4369 5372 4433 5383 -—
4475 5341 4553 5395 26.
4573 5340 4750 5409 smwes

1059 5427 1192 5484 ibid.
1227 5458 1295 5468 -
1332 5430 1467 5498 quia
1499 5430 1697 5486 iniusti
1732 5429 1861 5484 ibid.
1896 5458 1957 5469 —
1995 5427 2079 5482 28.
2114 5425 2475 5497 possidebunt
2501 5424 2636 5481 ibid.
2669 5454 2737 5465 —-
2773 5425 3089 5482 *Euchirid
3129 5427 3209 5482 18.

920 5519 992 5574 ΙΙ
1061 5519 1111 5571 5.
1148 5514 1519 5572 iudicauimus
1556 5514 1640 5571 fu.
1712 5515 1762 5570 8.
1796 5512 2218 5586 contemptibilis
2249 5509 2333 5566 fu.
2403 5510 2487 5566 22.
2521 5513 2786 5583 accepitis
2819 5512 2965 5568 auch
3001 5512 3070 5568 fu
3104 5514 3360 5584 accipitis
3391 5526 3490 5581 vg.

2637 5621 2660 5671 1
2702 5615 2820 5671 Cor.
2855 5616 2905 5681 6,
2949 5616 3102 5670 2-9.

2930 1255 3229 1334 muudus
3271 1254 3511 1338 indigni
3543 1256 3688 1320 estis
3719 1256 3830 1338 qui

2932 1361 3012 1427 de
3114 1360 3389 1427 minimis
3502 1361 3827 1429 iudicetis?

2929 1466 3191 1532 Nescitis
3235 1469 3386 1549 quia
3427 1468 3687 1551 angelos
3731 1470 3827 1534 iu-

2928 1572 3283 1640 dicabimus
3324 1575 3561 1640 nedum
3601 1594 3826 1641 saecu-

2927 1680 3086 1745 laria
3099 1683 3131 1743 ⁴?
3211 1681 3580 1746 Saecularia
3637 1683 3826 1764 igitur

2926 1786 3155 1852 iudicia
3191 1787 3244 1851 si
3285 1787 3628 1853 habueritis
3643 1837 3659 1867 ,
3716 1808 3825 1854 eos

2928 1894 3038 1977 qui
3080 1894 3535 1959 contemtibiles
3567 1899 3717 1960 sunt
3756 1896 3824 1960 in

2926 2000 3183 2064 ecelesia
3203 2048 3218 2078 ‚
3302 2001 3420 2066 hos
3502 2001 3821 2067 collocate.

2925 2106 3030 2171 Ad
3133 2109 3555 2172 reuerentiam
3639 2108 3823 2173 uobis

2925 2213 3084 2279 dico.
3170 2213 3274 2278 Sic
3332 2234 3464 2280 non
3519 2219 3614 2280 est
3657 2216 3821 2280 inter

2924 2340 3042 2384 uos
3061 2321 3399 2403 quisquam
3416 2322 3683 2405 sapiens
3711 2324 3821 2405 qui

2923 2427 3116 2510 possit
3141 2428 3322 2491 inter·
3341 2429 3602 2493 tratrem
3630 2448 3820 2494 suum

2924 2532 3235 2598 iudicare.
3217 2535 3248 2581 ⁹

2926 2746 3038 2810 sed
3079 2746 3273 2811 frater
3313 2765 3460 2811 cum
3488 2747 3683 2811 fratre
3723 2747 3818 2812 iu·

2928 2853 3175 2916 dicatur
3212 2855 3277 2917 et
3324 2852 3448 2917 hoe
3496 2852 3671 2935 apud
3721 2853 3819 2916 in-

2928 2958 3145 3024 fideles
3159 2962 3190 3021 ‘?
3234 2959 3370 3025 Iam
3399 2960 3658 3043 quidem
3679 2979 3818 3025 om-

2926 3066 3080 3130 nino
3131 3066 3429 3131 delictum
3477 3069 3573 3130 est
3588 3115 3605 3145 ‚
3667 3068 3820 3149 quia

2926 3173 3156 3238 iudicia
3194 3173 3442 3237 habetis
3469 3173 3816 3239 uobiscum.

2926 3278 3140 3358 Quare
3179 3298 3311 3344 non
3352 3279 3553 3361 magis
3592 3279 3821 3362 iniqui·

2925 3389 3126 3452 tatem
3205 3385 3494 3468 patimini
3508 3387 3540 3449 P
3619 3406 3819 3469 quare

2924 3513 3057 3559 non
3131 3493 3340 3575 potius
3391 3492 3818 3558 fraudamini?

2922 3600 3036 3665 sed
3074 3619 3191 3665 uos
3231 3600 3627 3681 iniquitatem
3665 3600 3820 3665 faei-

2922 3709 2999 3773 tis
3063 3708 3127 3770 et
3191 3705 3499 3772 fraudatis
3571 3710 3638 3770 et
3698 3706 3820 3772 hoc

2921 3813 3158 3878 tratres.
3233 3812 3339 3877 An
3379 3812 3626 3877 nescitis
3667 3814 3819 3894 quia

2922 3918 3133 3985 iniusti
3189 3936 3457 3999 regnum
3518 3918 3618 3983 dei
3684 3938 3818 3984 non

2919 4025 3409 4091 hereditabunt?
3448 4024 3696 4089 *Nolite
3709 4046 3816 4090 er-

3925 1151 4298 1217 iudicabunt
4314 1154 4347 1215 P
4387 1159 4450 1218 et
4476 1156 4524 1219 si
4543 1158 4604 1220 in
4622 1159 4767 1224 uobis

3923 1259 4302 1324 iudicabitur
4354 1262 4642 1343 mundus,
4689 1268 4768 1330 in-

3923 1365 4094 1448 digni
4122 1366 4269 1431 estis
4305 1367 4413 1448 qui
4437 1367 4513 1432 de
4541 1371 4767 1436 minimis

3921 1471 4207 1537 iudicetis
4220 1475 4253 1536 ‘z’
4321 1472 4608 1537 ²'Nescitis
4640 1496 4765 1557 quo-

3919 1579 4095 1648 niam
4112 1579 4375 1665 angelos
4387 1579 4763 1669 iudicabimus,

3920 1688 4163 1767 quanto
4196 1687 4402 1768 magis
4428 1687 4762 1752 saecularia?

3922 1790 4336 1857 ⁴Saecularis
4373 1791 4557 1873 igitur
4582 1793 4760 1859 iudicia

3917 1898 3969 1962 si
4029 1897 4380 1964 habueritis
4443 1902 4759 1981 contempti-

3917 2004 4071 2067 biles
4116 2006 4228 2086 qui
4269 2004 4506 2069 suntin
4535 2005 4755 2082 ecelesia,

3917 2109 4052 2174 illos
4109 2112 4472 2175 constituite
4530 2112 4610 2176 ad
4643 2112 4752 2176 iudi-

3915 2216 4217 2282 candum.
4299 2217 4327 2255 ⁶
4344 2217 4450 2282 Ad
4509 2236 4747 2283 uerecun-

3916 2322 4089 2387 diam
4145 2325 4435 2387 uaetram
4479 2325 4628 2389 dico.
4684 2325 4740 2389 Sc

3913 2448 4047 2493 non
4092 2432 4188 2492 est
4229 2429 4396 2494 inter
4426 2449 4539 2495 uos
4566 2433 4725 2513 saper

3914 2535 4275 2618 sumum,
4305 2537 4414 2618 qui
4441 2537 4624 2620 possit
4643 2535 4722 2600 iffi}

3914 2659 4058 2705 care
4087 2642 4256 2706 inter
4291 2642 4548 2710 fratrem
4579 2643 4730 2708 suum‘!

3917 2747 4065 2810 ⁶sed
4131 2748 4329 2812 frater
4401 2769 4545 2814 curn
4614 2750 4740 2814 fram

3912 2853 4141 2919 iudicio
4199 2855 4528 2920 contendit
4585 2860 4638 2921 et
4667 2854 4742 2918 hoc

3913 2965 4073 3044 aput
4090 2961 4380 3028 infideles
4394 2965 4425 3027 i>
4480 2962 4631 3027 ⁷lam
4653 2960 4745 3044 qui·

3915 3065 4063 3131 dem
4091 3070 4361 3133 omnino
4390 3069 4664 3134 delictum
4686 3068 4744 3129 oet

3915 3172 3981 3237 in
3998 3172 4196 3252 uobiS‚
4240 3176 4416 3258 quod
4437 3177 4644 3242 iudicia
4668 3173 4746 3237 ha-

3914 3278 4073 3344 betis
4088 3280 4257 3346 inter
4268 3301 4402 3347 uos.
4448 3282 4639 3360 Quare
4656 3296 4748 3344 non

3913 3387 4116 3468 magis
4149 3387 4453 3455 iniuriam
4480 3385 4748 3471 aecepifis‘?

3914 3510 4112 3574 quare
4132 3511 4266 3558 non
4295 3497 4499 3578 magis
4527 3492 4756 3561 handen

3911 3600 4247 3681 patimini?
4341 3603 4369 3642 ⁸
4384 3602 4494 3668 sed
4548 3621 4648 3667 uos
4687 3601 4755 3662 in·

3913 3706 4138 3771 iuriam
4178 3707 4392 3774 facitis
4417 3713 4479 3775 et
4511 3705 4755 3774 fi-audatis

3913 3815 3977 3876 et
4048 3813 4170 3879 hoc
4250 3816 4563 3881 fratribus.
4651 3812 4754 3876 ‘An

3912 3920 4161 3985 nescitis
4222 3925 4384 4005 quia
4439 3923 4618 4005 iniqui
4651 3938 4753 3998 reg·

3911 4045 4070 4091 num
4086 4027 4184 4092 dei
4196 4048 4337 4094 non
4356 4027 4751 4114 possidebunt?

3860 4908 3942 4962 12.
3980 4911 4269 4979 quisquam
4307 4914 4526 4981 sapiens
4559 4908 4673 4964 ibid.
4701 4930 4754 4943 -
