5117 6800
1163 1062 1257 1132 A

765 1212 937 1276 aua
1062 1220 1169 1260 και
1284 1217 1650 1279 χαρησομαι

778 1412 831 1452 ¹⁹
848 1411 995 1475 οιδα
1030 1410 1109 1473 δε
1153 1431 1251 1471 οτι
1300 1429 1495 1471 τουτο
1540 1428 1649 1486 μοι

770 1521 1183 1600 αποβησεται
1210 1536 1307 1579 eta
1332 1534 1650 1595 σωτηριαν

678 1603 884 1687 Sota
936 1645 1059 1707 τησ
1120 1643 1300 1703 vum·
1363 1619 1651 1701 δεησεωσ

770 1754 880 1795 και
991 1747 1410 1811 επιχορηγιασ
1534 1746 1652 1787 του

770 1857 1157 1918 πνευματοσ
1210 1856 1271 1897 w
1312 1856 1392 1912 χυ

777 2049 1017 2110 ῗθκατα
1058 2069 1178 2131 την
1237 2043 1650 2124 αποκαραδο-

684 2164 755 2220 10
771 2178 919 2218 κιαν
959 2178 1067 2217 και
1108 2152 1348 2218 ελπιδα
1386 2172 1513 2232 μου
1555 2171 1654 2213 οτι

775 2284 847 2324 εν
876 2262 1093 2325 ουδεη
1125 2263 1655 2341 αισχυνθησομαι

768 2368 896 2431 αλλ
923 2373 1023 2429 ἐν
1077 2388 1263 2448 παση
1323 2385 1654 2446 παρρησια

776 2495 871 2537 am
916 2485 1205 2536 παποτε
1235 2495 1344 2535 και
1383 2493 1501 2534 νυν
1544 2492 1654 2550 με·

774 2579 1261 2662 γαλυι·θησεται
1308 2600 1391 2659 χσ
1441 2600 1514 2640 εν
1564 2598 1655 2639 τω

689 2694 755 2750 15
779 2709 1031 2768 σωματι
1071 2708 1199 2767 μου
1240 2710 1296 2747 κ.
1340 2708 1400 2748 τ.
1445 2682 1501 2747 λ.

1149 3199 1292 3272 A*

772 3335 816 3399 I.
841 3336 1083 3418 12χαριν
1107 3355 1233 3414 εχω
1259 3355 1349 3393 τω
1383 3332 1650 3394 ω’δυνα·

772 3464 1003 3525 μουντι
1084 3464 1179 3522 χω
1260 3462 1326 3503 cv
1398 3460 1490 3501 τω
1560 3459 1651 3499 κω

771 3570 956 3633 ημων
999 3570 1096 3611 οτι
1140 3567 1375 3609 motor
1399 3567 1481 3625 με
1512 3565 1653 3625 nyn-

779 3675 943 3718 σατο
996 3658 1289 3733 Septen-oo
1347 3671 1444 3714 εισ
1517 3650 1655 3711 δια·

691 3771 998 3828 nonomen·

785 3868 916 3928 ¹⁸to
937 3884 1255 3947 προτερον
1282 3883 1443 3924 οντα
1456 3860 1656 3941 βλασ-

778 3994 1000 4055 §amor
1053 3993 1162 4033 και
1218 3968 1494 4049 διωκτην
1550 3990 1657 4030 και

777 4083 1085 4161 ϋβριστην
1139 4075 1304 4139 αλλα
1366 4074 1656 4156 ῃλεηθην

775 4208 875 4250 στι
939 4205 1187 4265 art-omn·
1247 4202 1527 4263 εποιησα
1583 4200 1655 4241 εν

687 4304 756 4361 25
774 4314 1052 4356 arraona

783 4501 1425 4584 “vmqmzsovaesev
1484 4497 1561 4560 δε
1616 4520 1654 4583 η

774 4654 843 4709 A
914 4651 965 4705 3.
1001 4651 1115 4702 οιδα
1162 4669 1262 4720 γαρ
1302 4642 1850 4700 SADEFGKLP.

910 4734 1300 4791 Sinaitieus
1331 4747 1691 4804 genommen‚
1729 4747 1769 4784 s.
1807 4730 1859 4785 S.
1900 4729 1984 4783 57.
2056 4728 2138 4782 21.
2182 4750 2267 4780 ror

2633 874 2772 944 124

1781 1199 1846 1260 et
1886 1195 1953 1259 in
1993 1193 2117 1260 hoc
2160 1194 2411 1277 gaudeo
2445 1195 2557 1260 sed
2597 1202 2657 1261 et

1782 1301 2096 1383 gaudebo.

1791 1408 1843 1445 ¹⁹
1860 1406 2005 1472 Seio
2080 1408 2252 1472 enim
2352 1408 2657 1490 quoniam

1782 1513 1906 1578 hoc
1934 1514 2144 1596 ipsum
2180 1514 2337 1578 mihi
2377 1514 2662 1596 procedit

1782 1621 1850 1683 in
1892 1619 2164 1684 salutern
2221 1639 2335 1702 per
2378 1623 2661 1684 uestram

1785 1726 2287 1790 obsecrationem
2365 1729 2430 1791 et
2513 1726 2662 1790 sub-

1784 1832 2314 1896 miuistrationem
2410 1834 2661 1916 spiritus

1782 1938 1919 2002 Iesu
1963 1936 2191 2003 Christi

1789 2045 2207 2110 2⁰secundum
2280 2046 2662 2127 expectatio-

1784 2170 1931 2215 nem
2025 2154 2090 2215 et
2170 2171 2351 2235 spem
2427 2170 2661 2232 meam,

1787 2258 2090 2339 quoniam
2150 2260 2220 2322 in
2274 2258 2452 2325 nullo
2509 2280 2663 2326 eon-

1785 2364 2020 2428 fundar
2037 2411 2052 2441 ‚
2136 2364 2250 2428 sed
2335 2368 2400 2430 in
2487 2368 2664 2432 omni

1786 2470 2024 2535 fiducia
2116 2471 2664 2551 quemadmodum

1785 2595 2037 2658 semper
2077 2578 2142 2641 et
2175 2595 2347 2643 nunc
2392 2580 2427 2619 *
2468 2580 2504 2620 *
2546 2581 2582 2619 *

3191 1062 3265 1132 C

2779 1197 2846 1259 et
2902 1195 2968 1258 in
3030 1194 3154 1259 hoc
3209 1196 3493 1277 gaudeo,
3548 1195 3663 1261 sed

2777 1302 2847 1365 et
2886 1301 3202 1382 gaudebo.

2268 2957 2412 3057 Ad
2470 2957 3044 3060 Timotheum
3098 2961 3163 3060 Ι.

2046 3645 2082 3685 *
2127 3646 2162 3685 *
2203 3646 2238 3685 *
2280 3647 2663 3712 existimauit

1786 3769 2033 3833 ponens
2127 3752 2196 3816 in
2294 3752 2663 3829 ministerio,

1793 3857 1849 3896 ¹⁸
1863 3857 1974 3939 qui
2042 3857 2284 3939 primus
2344 3858 2435 3922 fui
2493 3857 2663 3923 blas·

1785 3962 2058 4048 phemus
2154 3967 2220 4028 et
2300 3968 2664 4047 persecutor

1787 4073 1852 4135 et
1876 4070 2239 4146 iniuriosus;
2280 4070 2395 4135 sed
2425 4070 2664 4135 miseri·

1786 4176 2067 4241 cordiam
2086 4180 2462 4241 consecutus
2497 4196 2662 4256 sum,

1787 4283 1939 4366 quia
1974 4284 2275 4364 ignorans
2301 4281 2418 4349 feci
2460 4284 2523 4347 in
2565 4284 2663 4347 in-

1786 4389 2183 4465 credulitate3

1795 4496 1850 4535 ¹4
1862 4496 2411 4579 superabundauit
2444 4500 2666 4563 autem

3183 3202 3257 3272 C

2782 3865 2819 3905 *
2861 3863 2985 3942 Qui
3023 3868 3198 3948 prius
3233 3866 3324 3931 fui
3363 3865 3662 3949 blasphe-

2781 3989 2928 4035 mus
2967 3974 3033 4037 et
3052 3975 3418 4054 persecutor
3457 3975 3525 4039 et
3564 3973 3664 4038 in-

2784 4078 3084 4152 iuriosus3
3141 4077 3255 4141 sed
3312 4062 3663 4143 misericor-

2785 4182 2960 4248 diam
3030 4186 3405 4248 conseoutus
3494 4203 3661 4262 sum,

2787 4288 2937 4371 quia
2977 4288 3276 4371 ignorans
3304 4290 3422 4355 feei
3458 4290 3524 4354 in
3563 4291 3663 4355 in-

2786 4394 3158 4460 credulitate

3783 1196 4249 1264 adnuntietur?
4306 1202 4372 1265 et
4412 1201 4480 1264 in
4542 1199 4665 1265 hoc

3781 1303 4055 1385 gaudeo,
4095 1306 4214 1370 sed
4239 1309 4303 1370 et
4342 1306 4662 1388 gaudebo.

3791 1411 3845 1449 ¹⁹
3853 1409 4002 1476 Scio
4070 1412 4243 1476 enim
4313 1414 4468 1495 quia
4540 1412 4663 1477 hoc

3781 1516 3938 1582 mihi
3979 1517 4314 1599 proueniet
4369 1520 4438 1582 in
4489 1518 4662 1583 sahi-

3779 1625 3914 1687 tem
3957 1641 4072 1705 per
4109 1627 4392 1689 uestram
4427 1624 4662 1688 oratio-

3782 1747 3934 1792 nem
3994 1732 4061 1794 et
4132 1729 4660 1794 subministratio-

3783 1853 3933 1899 nem
3974 1836 4227 1918 spiritus
4267 1836 4406 1901 Iesu
4429 1835 4660 1901 Christi

3786 2045 3845 2083 2⁰
3864 2046 4221 2112 secundum
4275 2047 4660 2129 expectatio·

3781 2171 3935 2217 nem
3956 2155 4022 2217 et
4042 2171 4224 2236 spem
4243 2172 4480 2231 meam,
4509 2153 4662 2235 quia

3781 2258 3849 2322 in
3891 2258 4066 2323 nullo
4106 2259 4482 2336 confundar,
4548 2259 4659 2323 sed

3781 2365 3847 2428 in
3930 2366 4110 2429 omni
4195 2364 4432 2430 fiducia
4499 2366 4660 2430 sicut

3780 2489 4032 2554 semper
4079 2474 4144 2535 et
4196 2490 4370 2535 nunc
4411 2471 4659 2553 magni-

3781 2578 4076 2643 ficabitur
4106 2576 4391 2642 Christus
4420 2578 4485 2641 in
4521 2596 4660 2642 eor-

3781 2703 3938 2773 pore
3981 2703 4127 2749 meo
4167 2690 4275 2748 cet.

3781 3334 3825 3398 L
3856 3333 3909 3373 ¹²
3930 3333 4179 3401 Gratias
4241 3351 4365 3415 ago
4425 3332 4488 3396 ei
4549 3335 4663 3416 qui

3779 3460 3886 3506 me
3959 3440 4345 3506 confortauit
4409 3438 4661 3505 Christo

3779 3548 3920 3613 Iesu
3940 3545 4202 3613 domino
4224 3549 4466 3624 nostr-0,
4510 3548 4659 3629 quia

3779 3653 4034 3718 fidelem
4096 3671 4204 3717 me
4277 3652 4654 3717 existimauit

3781 3778 4028 3843 ponens
4128 3757 4196 3822 in
4287 3757 4648 3835 ministeriQ

3791 3865 3969 3948 ¹⁸qui
4050 3865 4227 3947 prius
4310 3864 4403 3928 fui
4484 3862 4653 3928 blas-

3783 3971 4054 4055 phemus
4152 3974 4218 4035 et
4295 3974 4658 4053 perseeutor

3784 4082 3851 4143 et
3941 4077 4465 4151 contumeliosum
4547 4076 4660 4141 sed

3783 4183 4281 4248 misericordiam
4355 4199 4663 4246 consecu-

3786 4292 3886 4354 tus
3928 4308 4100 4367 sum,
4164 4290 4315 4372 quia
4357 4289 4661 4370 ignorans

3785 4394 3902 4461 feei
3952 4395 4018 4460 in
4065 4395 4533 4471 incredulitate;

3794 4502 3848 4541 ¹⁴
3856 4501 4406 4585 superabundauit
4456 4499 4668 4582 gratia

1931 4642 1961 4672 ¹⁸
2007 4642 2083 4696 Zu
2133 4642 2239 4697 den
2287 4642 3193 4786 nachfolgendenhBruehstfieken
3235 4662 3336 4700 aus
3391 4647 3418 4700 1
3456 4644 3597 4700 Tim.
3643 4645 3718 4702 ist
3786 4647 3884 4703 der
3929 4646 4135 4719 grieoh.
4184 4646 4327 4703 Text
4384 4664 4482 4701 aus
4532 4647 4662 4701 dem

2303 4747 2547 4800 προτερον
2584 4731 2655 4785 De
2673 4731 2722 4785 K

771 4826 845 4881 B
912 4824 964 4878 4.
997 4819 1265 4892 procedat
1300 4832 1331 4872 e
1355 4833 1400 4886 g·
1436 4816 1765 4889 (procedant
1800 4815 1859 4884 d)
1890 4814 2151 4885 procedet
2189 4813 2543 4869 Ambrosiast.
2627 4817 2677 4871 5.
2710 4833 2812 4886 per
2845 4824 3086 4873 uestram
3123 4818 3546 4875 obsecrationem
3581 4817 3618 4872 d
3668 4833 3739 4873 ex
3779 4822 3801 4873 t
3830 4824 4068 4888 propter
4102 4824 4343 4872 uestram
4382 4824 4404 4873 t
4438 4833 4476 4872 a
4513 4817 4661 4873 oboe-

910 4910 1207 4965 crationem
1249 4911 1269 4960 t
1311 4920 1338 4959 e
1375 4919 1420 4972 g·
1465 4919 1569 4974 per
1602 4908 1819 4957 uestras
1865 4900 2263 4955 obsecrationes
2297 4899 2464 4970 vigil.
2546 4902 2628 4955 13.
2667 4902 3120 4972 quemadmodum
3155 4904 3292 4959 Mar.
3329 4903 3597 4959 Victorin.
3678 4904 3763 4959 21.
3800 4902 3914 4973 vgl.
3945 4919 4158 4973 ponens
4195 4910 4256 4958 in
4292 4905 4659 4959 ministeriun·

911 5010 993 5048 me
1041 4994 1349 5062 primum
1397 4990 1773 5045 consistentem
1844 4987 2216 5056 blasphemum
2270 5000 2330 5053 g.
2414 4988 2498 5042 23.
2547 4990 2855 5044 iniuriosus
2903 4989 2940 5044 d
2997 4988 3214 5045 Lucifer
3272 4989 3414 5056 Cal„
3482 4989 3771 5060 Cypriam,
3833 4988 4239 5044 Praedeetinat.
4326 4990 4660 5044 iniuriosum

909 5078 1045 5151 (vgl.
1080 5076 1245 5147 oben)
1284 5092 1342 5145 g.

770 5166 831 5224 (3
895 5182 1002 5236 per
1038 5166 1328 5219 ueritatem
1374 5161 1624 5216 Christus
1669 5158 2063 5215 annuntietur?
2119 5166 2173 5215 et
2206 5160 2265 5214 in
2300 5160 2403 5214 hoc
2447 5159 2683 5229 gaudeo,
2718 5160 2814 5216 aed
2848 5167 2901 5215 et
2931 5160 3181 5231 yaudebo
3220 5159 3277 5215 in
3314 5159 3507 5232 psalm.
3540 5160 3624 5226 51,
3657 5161 3693 5215 4
3727 5161 3843 5215 und
3882 5159 3979 5216 aed
4014 5159 4149 5229 quid
4185 5158 4313 5215 ait?
4348 5161 4468 5215 siue
4504 5175 4660 5216 occa·

906 5255 1061 5308 sione
1098 5253 1218 5305 sine
1251 5251 1486 5305 ueritate
1535 5248 1789 5302 Christus
1832 5248 2188 5301 annuntietur
2230 5244 2289 5299 in
2332 5245 2447 5299 Iob.
2487 5262 2685 5318 evang.
2732 5246 2815 5311 50,
2861 5244 2910 5302 8.

909 5339 938 5370 *
974 5326 1135 5407 epist.
1172 5335 1245 5389 ad
1278 5335 1437 5389 Rom.
1474 5351 1655 5404 expos.
1694 5332 1935 5388 inchoat.
1971 5332 2054 5388 21.
2100 5363 2166 5372 -
2217 5330 2302 5387 21.
2351 5335 2516 5403 prins
2564 5332 2633 5387 de
2679 5332 2788 5387 fide
2837 5336 2895 5388 et
2946 5332 3154 5405 operib.
3189 5333 3258 5389 47
3306 5332 3367 5388 in
3414 5333 3608 5404 psalm.
3638 5332 3723 5397 45,
3758 5332 3824 5387 13
3873 5334 3988 5387 und
4024 5331 4109 5396 83,
4148 5328 4215 5387 16
4263 5336 4448 5405 primo
4499 5351 4661 5389 serm.

910 5424 1032 5487 278,
1072 5424 1119 5477 1.
1157 5453 1223 5461 --
1262 5420 1348 5477 23.
1385 5422 1691 5475 iniuriosus
1723 5418 1791 5473 de
1826 5418 1933 5473 fide
1972 5421 2030 5473 et
2067 5416 2273 5488 operib.
2308 5418 2376 5472 47
2426 5417 2486 5471 in
2523 5418 2719 5488 psalm.
2753 5420 2838 5483 45,
2884 5420 2944 5474 13
2992 5420 3108 5473 und
3147 5417 3231 5482 83,
3273 5419 3338 5474 16
3372 5435 3532 5474 serm.
3566 5418 3687 5484 278,
3724 5419 3774 5473 1.
3820 5448 3886 5459 -
3939 5418 4023 5474 24.
4061 5417 4316 5474 Sabatier
4352 5422 4495 5475 eetzt
4539 5418 4663 5475 hier

911 5510 1027 5567 und
1062 5508 1123 5567 in
1160 5508 1353 5578 psalm.
1392 5508 1477 5570 83,
1517 5506 1581 5561 16
1618 5506 1763 5561 nach
1795 5504 2229 5561 misericordiam
2263 5502 2620 5561 irrthnmuch
2649 5504 2740 5559 dei
2771 5503 2956 5561 himo.

771 5600 841 5656 Ι)
912 5597 997 5651 21.
1029 5597 1248 5666 primus
1283 5592 1368 5648 fu.
1438 5593 1520 5646 24.
1553 5590 1987 5647 misericordiam
2021 5590 2111 5645 dei
2145 5605 2245 5658 vg.
2310 5589 2395 5644 27.
2431 5590 2909 5659 superabundavit
2944 5597 3123 5646 autem
3159 5589 3227 5645 fu
3262 5605 3361 5659 vg.

2136 5676 2281 5731 Phil.
2317 5675 2363 5741 1,
2406 5675 2627 5730 18—20.
2735 5681 2761 5732 1

2798 5676 2939 5732 Tim.
2979 5676 3025 5741 1,
3065 5677 3285 5732 12—14.
