5117 6800
753 1146 849 1216 A

372 1301 703 1365 αρχοντωτ·
716 1302 1082 1345 τουαιωνοσ
1101 1300 1243 1344 του·

369 1412 484 1453 που
525 1410 655 1451 των
708 1408 1243 1471 καταργουμεινων

373 1496 580 1560 ἀλλα
633 1495 956 1577 λαλουμεν
996 1498 1092 1557 θυ
1136 1515 1241 1559 σο-

369 1626 528 1686 φιαν
597 1625 669 1665 εν
736 1620 1064 1685 μυστηριω
1119 1624 1240 1684 την

366 1729 948 1793 αποκεκρυμμετην
975 1730 1057 1791 ην
1083 1730 1239 1792 προ·

370 1837 597 1900 ωρισεν
664 1840 699 1879 o
756 1820 852 1879 θσ
923 1836 1053 1897 προ
1105 1836 1237 1877 των

369 1946 618 1989 αιωνωι·
670 1944 768 1985 εισ
809 1922 1010 1997 δοξαν
1052 1942 1236 2004 ημων

366 2033 483 2114 8ην
547 2029 770 2093 ουδεισ
822 2050 954 2091 των
1008 2049 1233 2109 αρχον-

364 2159 494 2201 tow
531 2158 648 2199 του
705 2155 941 2199 αιωνοσ
1001 2156 1236 2198 τουτου

364 2266 637 2327 εγνωκεν
679 2266 735 2306 ει
774 2264 893 2324 γαρ
950 2263 1237 2322 εγνωσαν

366 2374 479 2415 ουκ
521 2373 604 2414 αν
630 2372 743 2413 τον
778 2372 855 2411 κν
885 2371 1008 2432 τησ
1033 2349 1235 2432 δοξησ

368 2478 785 2539 εσταυρωσιτν

360 2566 394 2603 ⁹
408 2563 574 2627 αλλα
616 2567 850 2626 καθωσ
880 2584 1236 2643 γεγραπται

365 2694 410 2733 α
472 2670 828 2754 οφθαλμοσ
892 2692 1005 2732 ουκ
1063 2668 1234 2732 adm·

361 2764 469 2842 και
510 2799 629 2841 ουσ
670 2798 784 2840 ουκ
817 2796 1090 2860 ηκουσεν
1128 2796 1237 2837 και

363 2907 476 2948 em
533 2884 806 2965 καρδιαν
871 2885 1234 2963 ανθρωπου

363 3014 478 3054 ουκ
503 2994 706 3072 ανεβη
735 3010 859 3052 οσα
885 3008 1235 3071 ητοιμασεν

362 3121 400 3159 ο
477 3100 576 3159 θσ
667 3118 808 3160 τοισ
893 3112 1234 3175 αγαπωσιν

362 3224 563 3266 αυτον
627 3202 682 3241 ¹⁰
700 3223 854 3286 ημιν
894 3223 1015 3282 γαρ
1071 3221 1231 3261 απε-

358 3310 660 3396 καλυψεν
721 3332 756 3372 ο
813 3312 910 3372 θσ
967 3308 1078 3371 δια
1114 3308 1232 3370 ῑεου

360 3437 743 3500 πνευματιοσ
780 3437 857 3478 το
885 3437 1004 3496 γαρ
1037 3435 1231 3477 πνευ-

358 3546 455 3606 μα
523 3545 747 3587 παντα
818 3543 1061 3604 εραυνα
1124 3545 1232 3585 και

358 3655 443 3694 τα
491 3634 680 3713 βαθη
744 3651 861 3692 του
905 3632 1003 3692 ἂν
1062 3629 1230 3693 11ἰἰσ

355 3761 476 3821 γαρ
513 3736 700 3802 ·υιδεϊ
727 3739 1106 3818 ανθρωπων
1144 3757 1230 3798 τοι

357 3867 473 3909 του
517 3847 880 3926 ανθρωπου
926 3865 982 3906 ει
1021 3865 1111 3926 μη
1151 3866 1229 3905 το

352 3949 641 4033 πνευμα’
682 3972 798 4013 του
863 3953 1226 4030 ανθρωπου

353 4081 427 4121 το
464 4080 535 4121 εν
566 4079 744 4120 αυτω
777 4076 987 4120 ουτωσ
1014 4078 1123 4118 και
1141 4078 1226 4117 τα

353 4183 467 4227 του
522 4169 619 4227 &v
671 4163 894 4228 ουδεισ
954 4185 1226 4243 εγνωκεν

355 4292 411 4332 ει
471 4292 560 4352 μη
637 4293 711 4333 το
788 4292 1052 4352 πνευμα
1113 4291 1230 4333 του

353 4378 450 4440 322
540 4377 797 4458 ιἠμειοῖ
869 4376 943 4438 δε
1009 4397 1092 4439 ου
1152 4398 1229 4438 το

1373 1280 1586 1364 cipum
1627 1282 1816 1348 huius
1858 1281 2092 1352 saeculi
2132 1289 2244 1371 qui

1370 1392 1790 1468 euacuantnr,

1375 1495 1400 1533 ‘¹
1414 1495 1527 1559 sed
1587 1495 1902 1580 loquimur
1978 1497 2078 1562 dei
2137 1517 2243 1563 sa-

1366 1593 1674 1684 pientiarfi
1732 1604 1802 1667 in
1870 1603 2242 1687 mysterium

1367 1727 1534 1791 quae
1583 1710 1650 1774 in
1706 1711 2076 1776 abscondito
2128 1715 2240 1789 est,

1366 1834 1563 1897 quam
1645 1816 2006 1899 praefiniuit
2087 1817 2241 1883 deus

1365 1926 1515 1989 ante
1556 1924 1813 1989 saecula
1856 1924 1924 1987 in
1971 1924 2241 2005 gloriam

1368 2034 1680 2110 nostram,
1746 2031 1776 2070 ⁸
1792 2049 1991 2112 quam
2046 2050 2240 2096 nemo

1365 2138 1722 2221 principum
1762 2137 1950 2202 huius
2006 2138 2240 2203 saeculi

1363 2246 1692 2329 cognouit3
1757 2244 1808 2308 si
1869 2245 2040 2308 enim
2094 2264 2238 2326 cog-

1362 2353 1706 2430 nouissent,
1744 2369 2100 2433 numquam
2123 2352 2238 2416 do-

1364 2459 1612 2524 minum
1646 2458 1882 2540 gloriae
1901 2458 2239 2523 crucifixis·

1364 2569 1522 2631 sent.
1573 2564 1736 2629 ¹’Sed
1755 2565 1917 2631 sicut
1932 2566 2235 2630 scribtum

1366 2675 1490 2737 est:
1578 2671 1752 2755 quod
1824 2671 2042 2738 oculus
2104 2691 2236 2736 non

1365 2778 1525 2844 uidit
1554 2782 1618 2843 et
1649 2779 1820 2842 auris
1837 2798 1971 2844 non
1991 2779 2237 2845 audiuit

1363 2905 1482 2951 neo
1500 2887 1566 2951 in
1591 2905 1699 2951 cor
1717 2886 1983 2950 hominis
2022 2905 2234 2952 ascen-

1364 2993 1479 3071 dit,
1503 3012 1669 3077 quae
1688 2995 2112 3076 praeparauit
2126 2993 2234 3033 *¹⁸¹*

1573 3204 1626 3242 10

1361 3309 1397 3350 '¹‘
1426 3309 1462 3350 '¹‘
1500 3311 1535 3350 *
1593 3311 1750 3377 deus
1791 3331 1907 3395 per
1943 3312 2234 3395 spiritum

1359 3436 1581 3496 suum;
1695 3418 1947 3502 spiritus
2062 3420 2233 3485 enim

1360 3525 1578 3592 omnia
1646 3528 1971 3591 scrutatur
2038 3528 2233 3593 etiam

1359 3631 1760 3697 altitudinem
1800 3631 1918 3698 dei.
2011 3633 2064 3672 ¹¹
2077 3632 2232 3711 Quis

1358 3739 1530 3804 enim
1556 3739 1673 3803 scit
1686 3738 2038 3817 hominum,
2063 3759 2231 3823 quae

1358 3848 1508 3910 sunt
1539 3845 1812 3909 hominis
1843 3847 1963 3910 nisi
1980 3846 2231 3930 spiritus

1359 3951 1631 4016 hominis
1668 3952 1777 4034 qui
1809 3952 1874 4015 in
1917 3953 2052 4036 ipso
2094 3957 2229 4019 est?

1357 4058 1459 4123 Sic
1473 4062 1537 4123 et
1556 4078 1726 4142 quae
1747 4059 1849 4123 dei
1874 4062 2025 4124 sunt
2037 4080 2228 4126 nemo

1355 4166 1470 4230 scit
1567 4166 1686 4230 nisi
1774 4167 2025 4248 spiritus
2107 4169 2226 4234 dei.

1366 4376 1419 4415 ¹²
1435 4376 1566 4442 Nos
1621 4381 1838 4444 autem
1881 4399 2010 4444 non
2053 4381 2232 4464 spiri-

2257 967 2348 1036 77

2610 2255 2645 2293 ’¹‘
2677 2253 2744 2318 Si
2788 2253 2958 2317 enim
2995 2271 3231 2335 cogno-

2358 2362 2623 2440 uissent‚
2694 2378 3050 2442 numquam
3116 2358 3230 2425 do-

2358 2467 2606 2532 minum
2643 2466 2875 2549 gloriae
2897 2465 3232 2532 crucifixis-

2356 2577 2514 2640 sent.

2482 2680 2517 2719 *
2535 2680 2562 2718 ²
2578 2677 2767 2758 Quod
2826 2676 3044 2742 oculus
3098 2695 3232 2740 non

2358 2787 2517 2852 uidit
2578 2803 2698 2850 nec
2758 2784 2926 2849 auris
2986 2782 3233 2847 audiuit

2356 2912 2476 2958 nee
2497 2894 2565 2957 in
2587 2911 2696 2957 cor
2714 2890 2986 2961 hominis
3012 2906 3232 2954 aseen-

2357 3001 2467 3065 dit.
2524 2999 2561 3040 *
2575 2999 2604 3038 ⁸
2624 3015 2793 3081 quae
2830 2994 3231 3080 praeparauit

2356 3105 2512 3170 deus
2551 3103 2950 3186 diligentibus
2989 3120 3075 3166 se.

2957 3639 2991 3677 ιιι
3015 3640 3043 3678 ι
3072 3637 3227 3718 Quis

2355 3745 2524 3810 enim
2541 3745 2656 3811 seit
2677 3745 3031 3825 hominum,
3060 3750 3228 3829 quae

2353 3854 2503 3917 sunt
2530 3851 2805 3917 hominis
2834 3853 2952 3918 nisi
2977 3852 3229 3936 spiritus

2351 3959 2626 4023 hominis
2670 3958 2780 4041 qui
2823 3958 2887 4022 in
2916 3959 3052 4043 ipso
3086 3961 3181 4023 est
3195 3961 3227 4022 Ρ

2352 4065 2455 4130 Sic
2475 4068 2539 4129 et
2558 4083 2727 4148 quae
2743 4065 2845 4129 dei
2870 4068 3022 4130 sunt
3036 4084 3229 4130 nemo
3259 4114 3262 4122 .

2350 4173 2465 4237 scit
2542 4171 2662 4237 nisi
2757 4173 3007 4253 spiritus
3105 4170 3224 4235 dei.

2354 4383 2485 4449 Nos
2561 4387 2780 4450 autem
2851 4399 2984 4448 non
3053 4382 3229 4466 spiri-

3358 1289 3571 1373 eipum
3606 1290 3797 1355 huius
3828 1290 4060 1356 saeculi
4118 1292 4227 1374 qui

3357 1396 3786 1475 daetrulmtur,

3360 1502 3506 1568 “sed
3580 1502 3897 1587 loquimur
3961 1503 4063 1567 dei
4122 1523 4225 1568 sa-

3352 1609 3656 1695 pientiam
3748 1610 3816 1674 in
3928 1608 4225 1694 mysterio

3352 1734 3520 1801 quae
3626 1714 3995 1781 abscondita
4102 1719 4221 1793 est,
4241 1713 4273 1768 5

3353 1841 3550 1906 quam
3563 1821 4056 1905 praedestinauit
4069 1822 4223 1886 deus

3351 1933 3504 1994 ante
3544 1929 3800 1995 saecula
3850 1930 3918 1993 in
3958 1927 4223 2009 gloriam

3352 2040 3655 2114 nostram,
3733 2036 3760 2074 ⁸
3778 2054 3977 2119 quam
4033 2053 4224 2100 nemo

3350 2143 3704 2226 principum
3743 2142 3932 2207 huius
3992 2141 4223 2208 saeculi

3351 2248 3675 2333 cognouit3
3713 2248 3767 2312 si
3786 2248 3957 2314 enim
3989 2267 4223 2331 eogno-
4240 2250 4308 2308 10

3350 2357 3615 2433 uissent,
3683 2374 4041 2438 numquam
4107 2355 4222 2420 do-

3352 2463 3600 2529 minum
3628 2462 3861 2544 gloriae
3886 2462 4223 2527 crucifixis-

3350 2572 3509 2635 sent.
3549 2570 3577 2607 ⁹
3592 2568 3718 2633 Sed
3744 2568 3903 2633 sieut
3921 2569 4224 2651 scriptum

3352 2679 3473 2740 est:
3564 2676 3738 2759 quod
3814 2677 4031 2742 oculus
4091 2693 4223 2740 non

3351 2782 3511 2847 uidit
3561 2801 3681 2847 nee
3751 2783 3918 2847 aulis
3979 2781 4224 2847 audiuit
4242 2790 4307 2846 15

3349 2907 3469 2953 nee
3497 2889 3563 2952 in
3584 2907 3691 2952 cor
3709 2887 3981 2953 hominis
4003 2907 4224 2953 aseen-

3349 2994 3475 3073 dit,
3569 3013 3738 3077 quae
3817 2995 4224 3078 praeparauit

3350 3099 3506 3165 deus
3548 3100 3645 3165 his
3682 3100 3791 3184 qui
3848 3101 4116 3183 diligunt
4148 3100 4224 3166 il·-

3350 3207 3502 3272 lum.
3556 3207 3611 3246 ¹⁰
3624 3206 3820 3273 Nobis
3863 3212 4080 3274 autem
4122 3228 4223 3274 re·

3348 3314 3587 3380 uelabit
3619 3313 3776 3379 deus
3794 3334 3908 3398 per
3933 3316 4223 3399 spiritum
4238 3312 4309 3370 2⁰

3347 3441 3569 3499 suum3
3682 3423 3936 3504 spiritus
4052 3424 4224 3489 enim

3348 3529 3568 3594 omnia
3636 3533 3956 3595 serutatur
4031 3531 4223 3596 etiam

3345 3635 3665 3720 profunda
3752 3637 3871 3702 dei.
3989 3637 4041 3675 ¹¹
4070 3637 4225 3716 Quis

3349 3743 3520 3808 enim
3538 3743 3656 3808 scit
3678 3741 4032 3824 hominum,
4057 3761 4225 3828 quae

3347 3849 3473 3914 sint
3516 3848 3788 3915 hominis
3828 3851 3947 3915 nisi
3976 3852 4226 3935 spiritus
4242 3853 4310 3913 25

3348 3955 3623 4020 hominis
3645 3957 3755 4039 qui
3790 3956 3861 4021 in
3901 3958 4039 4040 ipso
4084 3961 4225 4023 est?

3348 4062 3446 4127 Ita
3459 4067 3526 4128 et
3543 4082 3709 4146 quae
3736 4063 3839 4129 dei
3868 4068 4018 4130 sunt
4033 4084 4226 4130 nemo

3350 4171 3648 4250 cog-nouit
3668 4170 3786 4234 nisi
3826 4170 4078 4253 spiritus
4103 4171 4201 4236 dei

3357 4379 3555 4446 Ἠ’Νοε
3607 4384 3818 4447 autem
3874 4400 4006 4447 non
4047 4381 4223 4465 spiri-
4239 4389 4309 4445 30

350 4626 419 4681 A
491 4621 573 4676 17.
609 4641 642 4672 α
673 4640 838 4687 ητοιμ.
871 4621 926 4670 Σ
933 4618 1095 4673 DEF
1107 4618 1271 4674 GLP
1299 4640 1392 4672 οσα
1427 4640 1592 4688 nvom.
1631 4622 1750 4677 AC.
1813 4621 1894 4676 21.
1935 4639 2183 4682 πνευματ.
2221 4646 2380 4679 utnon
2414 4628 2488 4677 2⁹⁶
2508 4625 2726 4682 DEFG
2743 4625 2801 4681 L.
2889 4625 2973 4680 28.
3010 4628 3176 4678 ουδιισ
3210 4626 3345 4677 ouda
3378 4623 3422 4678 L
3456 4622 3605 4695 Orig.

348 4715 420 4769 Β
494 4710 542 4764 5.
580 4723 721 4778 quae
753 4707 813 4761 in
851 4705 1170 4761 abscondito
1206 4712 1286 4761 est
1316 4706 1369 4761 «l.
1450 4706 1500 4761 6.
1529 4709 1855 4777 praefiniuit
1887 4707 2064 4764 Hilar.
2143 4712 2221 4766 15.
2271 4719 2325 4769 et
2369 4715 2526 4769 auris
2558 4729 2671 4768 mm
2716 4729 2761 4783 g
2793 4712 2971 4767 Hilar.
3042 4712 3122 4768 18.
3159 4711 3509 4782 diligentibus
3561 4725 3618 4766 se
3652 4710 3684 4765 f
3709 4725 3784 4779 g,
3834 4709 4053 4767 Lucifer
4086 4711 4221 4778 Cal„

487 4794 625 4850 Mar.
666 4791 952 4857 Victoria„
985 4790 1292 4858 Coelestin„
1324 4792 1698 4859 Ambrosiast„
1733 4795 1895 4850 Auct.
1931 4797 2128 4866 quaest
2161 4814 2228 4852 ex
2264 4799 2445 4869 utroq.
2481 4800 2551 4864 t„
2590 4800 2751 4855 Auot.
2788 4800 2858 4854 de
2892 4798 3160 4870 promise„
3194 4797 3418 4853 Maxim.
3455 4796 3678 4852 Taurin.
3715 4797 4066 4867 diligentibus
4104 4814 4225 4854 eum

489 4880 543 4946 «1,
581 4878 830 4934 AmbroS.
903 4878 986 4932 23.
1025 4877 1345 4933 altitudines
1381 4875 1540 4942 iren„
1571 4878 1753 4950 vigil„
1784 4879 1983 4935 Avitus
2007 4880 2167 4938 Vien.
2203 4884 2527 4941 altitudines
2550 4893 2577 4942 t
2610 4887 2731 4942 alta
2763 4900 2824 4955 g.
2897 4885 2978 4941 24.
3019 4901 3159 4956 quae
3182 4890 3312 4940 sunt
3330 4885 3569 4940 hominis
3605 4882 3637 4938 f
3646 4899 3705 4953 g,
3739 4882 3931 4949 Hilar„
3958 4884 4225 4952 Ambros„

485 4966 653 5029 Beda,
690 4964 1001 5020 Scholiasta.
1037 4962 1204 5029 Hier„
1236 4962 1407 5035 vigil.
1446 4981 1512 5019 ea
1551 4981 1691 5035 quae
1719 4973 1849 5021 sunt
1881 4969 2120 5024 hominia
2158 4969 2514 5028 Ambrosiast.
2587 4973 2670 5028 27.
2707 4973 2789 5028 sic
2823 4970 2855 5026 f
2876 4987 2921 5041 g
2939 5012 2953 5037 ,
2990 4970 3255 5035 Ambros„
3289 4968 3489 5041 Vigss„
3526 4970 3662 5024 Mar.
3701 4969 3992 5035 Victoria„
4029 4970 4226 5027 Avitus

493 5051 676 5116 Vien.,
713 5050 1022 5107 Scholiasta
1051 5049 1228 5113 Hier..
1263 5050 1428 5106 Beda.

1510 5050 1593 5105 28.
1630 5052 1735 5107 scit
1768 5051 2114 5109 Phoebadiua
2149 5056 2312 5127 Agin.
2329 5098 2342 5122 ,
2391 5058 2552 5113 Auet.
2604 5061 2817 5128 quaest.
2853 5076 2922 5114 ex
2957 5077 3012 5114 n.
3049 5060 3091 5112 t.
3109 5099 3122 5123 ,
3172 5056 3334 5112 Auet.
3370 5057 3585 5126 quaest..
3624 5073 3692 5111 ex
3727 5057 3909 5126 utroq.
3942 5061 3985 5111 t..
4001 5097 4014 5122 ,
4056 5056 4224 5128 vigil.

351 5137 413 5193 (3
482 5133 511 5165 *
546 5134 606 5189 in
641 5136 811 5192 ludio.
848 5139 1064 5207 quaest.
1097 5137 1184 5202 49,
1221 5138 1286 5191 17
1323 5136 1382 5191 in
1406 5136 1522 5192 Ioh.
1560 5154 1756 5210 evang.
1797 5139 1876 5205 17,
1913 5140 1946 5194 3
1981 5142 2098 5195 und
2133 5141 2293 5213 epist.
2331 5143 2448 5208 187,
2478 5143 2528 5198 9.
2568 5175 2628 5184 -
2667 5144 2736 5174 *·
2770 5143 2829 5198 in
2865 5145 2981 5200 Ioh.
3023 5160 3217 5214 evang.
3253 5144 3338 5208 34,
3376 5143 3424 5197 7.
3472 5171 3539 5183 ——
3596 5143 3675 5197 14.
3709 5142 3856 5212 quod
3892 5144 4084 5201 oculus
4115 5160 4226 5200 non

487 5219 636 5274 uidit
667 5238 761 5277 nec
797 5224 954 5279 auria
985 5223 1210 5280 audiuit
1243 5240 1340 5279 nec
1379 5225 1439 5278 in
1478 5239 1573 5279 cor
1607 5225 1845 5280 hominia
1877 5225 2162 5283 adscendit
2202 5227 2262 5283 in
2299 5228 2414 5284 Ioh.
2452 5247 2650 5301 evang.
2686 5230 2773 5295 40,
2812 5232 2875 5285 10
2931 5231 3066 5300 quia
3107 5246 3203 5285 nec
3251 5230 3442 5285 oculus
3486 5228 3634 5285 uidit
3679 5245 3776 5284 nec
3811 5230 3969 5285 auria
4006 5228 4229 5287 audiuit

488 5320 583 5359 nec
615 5305 676 5359 in
715 5323 809 5362 cor
842 5308 1078 5365 hominis
1113 5309 1398 5367 adscendit
1430 5308 1494 5365 in
1528 5308 1627 5366 Iob
1660 5311 1745 5376 35,
1783 5311 1866 5367 13.
1905 5342 1967 5352 -
2018 5311 2086 5343 ‘¹‘
2117 5312 2177 5367 in
2206 5313 2307 5368 Iob
2338 5316 2425 5380 35,
2462 5315 2512 5370 3.
2556 5345 2624 5356 -
2669 5315 2736 5346 *⁴
2783 5316 2853 5371 de
2890 5314 3040 5371 civit.
3080 5314 3169 5370 dei
3204 5315 3286 5380 14,
3320 5314 3369 5369 4.
3418 5344 3485 5354 —
3531 5313 3616 5369 23.
3653 5316 3779 5385 quia
3816 5317 3955 5371 enim
3992 5318 4098 5372 ecit
4132 5319 4227 5373 ho·

489 5390 694 5444 minum
729 5388 788 5443 in
822 5390 938 5445 Ioh.
973 5411 1166 5466 evang.
1204 5396 1287 5462 32,
1325 5398 1358 5450 5
1407 5397 1532 5467 quia
1565 5397 1671 5452 scit
1721 5397 2000 5452 hominum
2034 5398 2259 5455 confess.
2310 5401 2391 5469 13,
2427 5402 2496 5457 46
2544 5405 2670 5473 quia
2716 5405 2857 5458 enim
2902 5402 3181 5458 hominum
3232 5403 3339 5458 scit
3381 5400 3444 5455 in
3488 5400 3713 5455 Numer.
3761 5405 3972 5470 qua-est.
4010 5404 4090 5459 18.
4146 5435 4210 5446 -

487 5475 570 5529 25.
607 5482 736 5531 sunt
767 5474 827 5529 in
861 5476 1088 5533 Numer.
1123 5483 1334 5549 quaest..
1371 5481 1437 5536 18
1471 5481 1530 5536 in
1566 5481 1682 5537 Ioh.
1721 5497 1914 5553 evang.
1950 5482 2034 5547 32,
2072 5484 2105 5537 5
2140 5486 2363 5542 confess.
2406 5489 2488 5555 13,
2520 5489 2607 5545 46.
2643 5519 2708 5531 -
2745 5489 2830 5544 27.
2865 5489 2946 5545 sic
2981 5486 3114 5543 ibid.
3156 5515 3221 5529 —-
3251 5487 3335 5541 28.
3370 5487 3476 5543 ecit
3505 5485 3637 5541 ibid.
3674 5516 3739 5528 -
3775 5487 3863 5543 30.
3896 5505 3999 5546 nos
4036 5499 4216 5548 autem

485 5559 650 5628 ibid.;
688 5561 941 5633 dagegen
975 5565 1160 5621 fehlen
1194 5567 1353 5624 beide
1389 5571 1583 5627 Worte
1617 5571 1677 5625 in
1711 5571 1828 5626 Ioh.
1865 5588 2064 5645 evang.
2101 5573 2216 5638 102,
2251 5575 2287 5627 4
2323 5574 2483 5645 epist.
2518 5575 2639 5641 242,
2680 5577 2726 5631 1.

347 5648 419 5703 D
491 5647 571 5702 12.
606 5648 914 5704 maiestatis
952 5648 1036 5704 fu.
1111 5651 1190 5708 18.
1228 5669 1348 5709 eum
1382 5655 1466 5710 fu.

1540 5658 1619 5711 19.
1654 5657 1926 5712 reuelauit
1959 5657 2042 5712 fu.
2112 5658 2196 5712 25.
2234 5667 2368 5716 aunt
2398 5675 2496 5730 vg.

2052 5763 2079 5815 1
2117 5761 2236 5817 Cor.
2272 5762 2321 5827 2,
2358 5763 2543 5820 6-12,

3774 5861 3880 5916 10*
