5117 6800
905 1027 999 1097 A

521 1158 784 1242 18ημεισ
841 1160 918 1222 δε
974 1181 1088 1223 ουκ
1143 1176 1245 1226 seo
1300 1182 1387 1223 τοι

512 1287 769 1348 αμετρα
911 1272 1386 1351 καυχησομεθα

512 1371 682 1435 αλλα
762 1395 931 1435 κατα
1005 1397 1082 1437 το
1149 1397 1386 1455 μετρον

508 1500 627 1541 του
657 1496 938 1543 κανονοσ
974 1503 1049 1544 ov
1085 1498 1384 1562 εμερισεν

510 1606 665 1668 ημιν
716 1608 751 1648 o
804 1590 907 1652 θσ
956 1609 1197 1668 μετρου
1249 1611 1384 1671 εφι-

509 1695 754 1755 κεσθαι
826 1716 973 1774 αχρι
1031 1717 1138 1758 και
1202 1716 1384 1775 υμων

519 1798 574 1837 ¹⁴
588 1814 685 1864 ωσ
743 1821 862 1880 γαρ
936 1822 1026 1882 μη
1094 1823 1382 1885 ammov-

511 1926 696 1986 μενοι
738 1921 840 1971 sto·
881 1924 1061 1987 υμασ
1119 1930 1393 1987 υπερεκ-.

509 2033 806 2095 τεινομεν
886 2029 1165 2079 εαυτουσ
1235 2036 1383 2095 αχρι

508 2140 629 2203 γαρ
647 2143 755 2182 και
775 2142 955 2201 υμων
982 2125 1383 2203 εφθασαμεν

511 2248 584 2287 εν
626 2248 716 2288 τω
771 2229 1104 2308 ευαγγελιω
1146 2250 1262 2290 του
1299 2249 1382 2308 χιι

517 2330 689 2395 ¹³ovx
713 2348 814 2397 εισ
843 2356 928 2395 τα
955 2355 1206 2417 αμετρα
1234 2356 1382 2397 καυ·

510 2460 787 2519 χωμενοι
867 2462 940 2501 εν
1020 2440 1383 2522 αλλοτριοισ

508 2562 746 2610 κοποιο·
788 2544 1026 2608 ελπιδα
1077 2546 1154 2608 δε
1207 2569 1381 2627 excv-

506 2669 623 2715 τεσ
718 2654 1174 2736 αυξανομενησ
1256 2669 1382 2737 τησ

508 2772 806 2823 mommo·
874 2781 1058 2841 ημων
1119 2781 1190 2822 εν
1230 2781 1382 2842 υμιν

507 2863 997 2946 μεγαλυνθῆναι
1053 2888 1220 2928 κατα
1269 2889 1383 2930 τω·

510 2990 754 3030 κανονα
792 2991 976 3052 ημων
1017 2992 1114 3033 εισ
1159 2994 1380 3052 περισ-

513 3093 695 3137 σειαν
773 3076 826 3114 ¹⁰
841 3096 939 3139 εισ
1009 3098 1096 3138 τα
1151 3100 1380 3160 vuape-

507 3202 689 3243 κεινα
757 3203 939 3262 υμων
983 3185 1382 3266 ευαγγελισα-

511 3287 676 3350 σθαι
729 3309 842 3350 ουκ
911 3312 984 3351 εν
1072 3291 1381 3374 amoveam

508 3415 731 3456 aaron
817 3416 913 3459 εισ
1000 3421 1086 3460 τα
1155 3422 1380 3482 evoma

510 3505 977 3583 καυχησασθαι
1012 3506 1102 3568 ¹⁷⁰
1131 3506 1207 3568 δε
1234 3530 1380 3571 καυ-

507 3625 808 3688 χωμενοσ
865 3632 937 3672 εν
992 3633 1082 3673 κω
1145 3635 1382 3694 καυχα·

498 3717 661 3776 σθω
728 3716 780 3753 ¹⁸
796 3736 870 3778 ου
909 3738 1030 3798 γαρ
1072 3741 1107 3780 ο
1149 3741 1382 3784 εαυτον

510 3839 911 3884 συνιστανων
940 3845 1187 3889 εκεινοσ
1205 3847 1381 3890 εστιν

505 3925 780 4008 δοκιμοσ
845 3929 1012 3993 aua
1076 3953 1150 3993 ον
1210 3955 1245 3994 ο
1299 3955 1379 3998 xo

510 4052 876 4117 συνιστησιν

505 4136 608 4201 XI.
661 4141 684 4176 ¹
712 4141 946 4222 οφελοι·
1030 4149 1379 4224 ανειχεσθε

508 4263 636 4323 μου
677 4267 933 4330 μεικρον
989 4271 1053 4312 τι
1096 4273 1376 4333 αφροσυ·

508 4369 630 4431 νησ
676 4351 842 4414 aua
902 4377 1009 4416 και
1053 4362 1376 4437 ανεχεσθε

505 4477 634 4537 μου
680 4456 879 4539 Βζηλω
920 4480 1040 4540 γαρ
1066 4482 1242 4541 υμασ
1281 4467 1377 4526 θυ

2382 837 2514 907 105

1522 1160 1574 1200 ¹⁸
1588 1160 1714 1226 Nos
1769 1179 1921 1226 uero
1973 1178 2105 1223 non
2162 1158 2230 1224 in
2287 1160 2381 1223 in·

1510 1286 1803 1331 mensum
1861 1264 2207 1348 yloriamur
2269 1266 2381 1330 sed

1510 1372 1857 1437 secundum
2014 1389 2380 1437 mensuram

1505 1480 1745 1563 yloriae
1778 1498 1972 1562 quam
1992 1477 2260 1561 partitus
2281 1479 2376 1541 est

1509 1587 1692 1651 nobis
1771 1586 1928 1651 deus
2017 1602 2379 1650 mensuram

1499 1692 1911 1775 pertingendi
1926 1711 2126 1775 usque
2144 1690 2229 1755 ad
2244 1710 2376 1755 uos.

2092 1903 2144 1943 ¹⁴
2157 1921 2378 1983 super-

1511 2010 1910 2077 extendimus
1988 2028 2109 2074 nos
2177 2011 2374 2093 ipsos;

1508 2138 1712 2201 usque
1739 2117 1823 2182 acl
1865 2136 1984 2182 uos
2022 2116 2197 2181 enim
2236 2136 2378 2200 per·

1510 2224 1803 2306 tingimus
1885 2225 1952 2287 in
2050 2212 2379 2305 euangelio

1510 2329 1740 2395 Christi
1796 2329 1987 2395 ¹³non
2027 2331 2099 2394 in
2140 2332 2378 2395 inmen-

1509 2456 1654 2502 sum
1691 2436 2027 2518 gloriantes
2056 2436 2124 2501 in
2163 2436 2378 2502 alienis

1508 2543 1831 2610 laboribus
1872 2544 1908 2584 '¹‘
1947 2543 1983 2582 '¹‘
2021 2543 2057 2583 '¹‘

1511 3184 1546 3224 *
1585 3185 1620 3224 *
1661 3184 1697 3225 *
1753 3187 1905 3250 sunt
1955 3184 2382 3266 euangelizare

1511 3311 1644 3358 non
1685 3292 1752 3356 in
1779 3292 2052 3357 alienam
2098 3290 2380 3372 regulam

1510 3398 1579 3463 in
1641 3419 1721 3464 ea
1781 3418 1945 3481 quac
1987 3401 2383 3481 praeparata

1511 3509 1662 3570 sunt
1673 3504 1942 3588 gloriari.
1969 3505 2149 3583 ”Qui
2168 3511 2382 3571 autem

1513 3613 1835 3695 gloriatur,
1865 3611 1930 3676 in
1964 3612 2223 3677 domino
2249 3613 2382 3695 glo-

1510 3720 1735 3794 rietur3
1810 3718 1862 3757 ¹⁸
1876 3737 2008 3782 non
2064 3720 2233 3783 enim
2275 3719 2383 3801 qui

1511 3845 1579 3890 se
1606 3825 1814 3908 ipsum
1833 3825 2382 3902 commendat‚'ille

1510 3932 1813 4015 probatus
1862 3934 1974 4009 est,
2037 3932 2151 3995 sed
2192 3951 2383 4015 quem

1512 4038 1806 4104 dominus
1849 4038 2273 4103 commendat.

1510 4145 1615 4209 XI.
1653 4146 1674 4183 ¹
1695 4145 1953 4210 Utinam
1997 4145 2382 4209 sustineretis

1510 4251 1831 4316 modicum
1996 4251 2381 4334 insipientiae

1510 4377 1691 4422 meae
1704 4381 1719 4433 ;
1736 4358 1852 4422 sed
1867 4361 1930 4421 et
1942 4358 2244 4422 sustinete
2258 4379 2380 4424 me.

1515 4464 1856 4530 ¹¹Aemulor
1905 4465 2075 4529 enim
2115 4485 2230 4530 uos
2273 4484 2384 4531 ae-

2498 1586 2534 1627 *
2578 1586 2958 1670 Accepimus
3002 1606 3367 1653 mensuram

2498 1693 2893 1777 pertingendi
2905 1714 3106 1778 usque
3125 1693 3212 1759 ad
3231 1714 3365 1760 uos

2565 4468 2599 4506 *
2619 4467 2644 4506 ¹
2685 4466 2831 4533 Zelo
2874 4467 3045 4532 enim
3086 4486 3201 4532 uos
3243 4466 3374 4533 zelo

3500 1157 3553 1197 ¹⁸
3566 1157 3695 1223 Nos
3779 1163 3997 1225 autem
4076 1176 4208 1223 non
4292 1160 4360 1224 in

3490 1263 3849 1330 inmensum
3933 1265 4357 1348 gloriabimur,

3487 1372 3837 1437 secundum
3864 1391 4231 1437 mensuram
4259 1391 4358 1438 re-

3489 1478 3675 1558 gulae
3714 1497 3911 1561 quam
3949 1497 4204 1544 mensus
4263 1482 4359 1544 est

3489 1583 3672 1647 nobis
3739 1584 3896 1650 deus
3962 1585 4358 1669 pertingendi
4406 1591 4439 1647 5

3490 1708 3691 1772 usque
3735 1690 3819 1755 ad
3859 1710 3992 1756 uos.

3498 1796 3551 1836 ¹⁴
3569 1796 3713 1862 Non
3769 1798 3938 1862 enim
3991 1799 4173 1881 quasi
4226 1818 4357 1865 non

3487 1905 3911 1987 pertingentes
3963 1905 4049 1969 ad
4103 1925 4217 1971 uos
4251 1926 4357 1972 su-

3476 2009 3997 2093 ¹perextendimus
4040 2030 4186 2089 nos;
4251 2033 4356 2079 us-

3489 2135 3616 2199 que
3663 2115 3748 2181 ad
3802 2135 3918 2181 uos
3980 2120 4152 2182 enim
4212 2115 4440 2202 per-10

3488 2222 3780 2288 uenimus
3876 2223 3943 2287 in
4026 2225 4356 2308 euangelio

3490 2326 3719 2397 Christi
3764 2327 3963 2394 ¹³non
3987 2333 4053 2396 in
4087 2332 4357 2397 immen-

3488 2454 3631 2499 sum
3672 2435 4012 2517 gloriantes
4048 2438 4116 2501 in
4140 2440 4357 2504 alienis

3488 2541 3805 2607 laboribus
3821 2590 3837 2621 ‚
3916 2563 4095 2626 spem
4139 2550 4357 2611 autem

3489 2648 3797 2714 habentes
3839 2650 4169 2715 crescentis
4209 2651 4359 2717 fidei
4376 2647 4441 2702 15

3488 2758 3735 2820 uestrae
3773 2757 3840 2819 in
3891 2758 4072 2821 uobis
4112 2760 4358 2841 magni-

3490 2860 3663 2925 ficari
3692 2862 4043 2928 secundum
4072 2865 4358 2947 regulam

3488 2969 3774 3032 nostram
3796 2968 4357 3054 inabundantiam,

3499 3072 3552 3111 ¹⁰
3566 3074 3755 3137 etiam
3785 3076 3852 3139 in
3872 3075 3976 3140 illa
3996 3095 4161 3159 quae
4190 3078 4360 3145 ultra

3492 3199 3607 3245 uos
3710 3184 3858 3246 sunt
3933 3184 4358 3266 euangelizare
4375 3186 4443 3242 20

3490 3305 3621 3351 non
3664 3288 3729 3351 in
3782 3288 3987 3354 aliena
4034 3290 4252 3373 regula
4293 3294 4361 3358 in

3492 3393 3589 3460 his
3671 3415 3837 3478 quae
3917 3403 4144 3480 parata
4211 3402 4363 3466 sunt

3493 3501 3760 3583 gloriari.
3874 3504 4062 3582 l“Qui
4144 3511 4362 3572 autem

3494 3608 3812 3689 gloriatur,
3856 3609 3921 3675 in
3946 3612 4207 3678 domino
4229 3614 4363 3697 glo-

3492 3715 3711 3791 rietur3
3787 3716 3840 3755 ¹⁸
3855 3737 3986 3783 non
4041 3721 4212 3785 enim
4254 3713 4446 3805 qui25

3496 3840 3563 3886 se
3591 3822 3800 3904 ipsum
3814 3828 4243 3906 commendat,
4266 3828 4366 3893 ille

3495 3930 3799 4010 probatus
3834 3934 3953 4011 est,
4018 3933 4128 3998 sed
4171 3954 4365 4017 quem

3496 4035 3791 4101 dominus
3833 4040 4257 4106 commendat.

3495 4143 3601 4208 XI.
3637 4145 3658 4182 ¹
3672 4144 3932 4211 Utinam
3982 4147 4366 4212 sustineretis

3495 4250 3814 4314 modicum
3869 4253 4022 4334 quid
4070 4253 4365 4334 insipien·
4380 4254 4449 4310 30

3494 4357 3620 4420 tiae
3642 4376 3849 4431 meae3
3872 4358 3986 4422 sed
4011 4360 4074 4422 et
4100 4377 4366 4441 suppor-

3496 4465 3626 4527 tate
3647 4482 3771 4527 me.
3827 4463 4167 4528 ¹'Aemulor
4196 4466 4369 4530 enim

500 4755 568 4812 A
641 4758 686 4812 1.
724 4778 797 4811 em
833 4779 892 4810 το
928 4779 1144 4829 matroon
1179 4760 1388 4816 D‘FG.
1459 4762 1508 4816 7.
1540 4784 1599 4814 οι·
1634 4784 1733 4834 γαρ
1768 4785 1838 4816 uo
1875 4763 2359 4819 2DEFGKLM.
2427 4765 2512 4821 27.
2551 4767 2710 4826 dom».
2745 4785 2855 4822 εστ.
2890 4763 3101 4820 Σ*Ῑ)Ε.
3172 4763 3256 4819 30.
3292 4784 3466 4835 »tneor
3501 4761 3789 4817 FGKLP
3821 4782 3993 4832 μαρῦ*
4022 4781 4076 4812 ‘1⁶
4110 4759 4368 4816 ΣΒΕΜ·

502 4845 572 4900 ΙΙ
643 4842 692 4898 2.
735 4844 832 4899 sed
881 4844 974 4914 dg
1025 4844 1401 4912 Ambrosiast„
1448 4846 1637 4918 vigil„
1687 4850 1847 4904 Auet.
1894 4849 2094 4921 singul.
2143 4849 2270 4905 cler.
2337 4850 2389 4904 4.
2443 4852 2704 4923 [fich-iae
2729 4851 2804 4907 ist
2844 4851 2935 4908 ein
2971 4849 3333 4916 Nothbehelf;
3369 4850 3465 4904 das
3499 4847 3779 4904 Versehen
3814 4845 4029 4901 seboim:
4063 4845 4237 4900 durch
4271 4846 4369 4902 das

639 4929 1139 4987 darssberstehende
1185 4932 1494 5002 qloriamur
1538 4935 1846 4990 veranlasst
1879 4953 1948 4989 zu
1993 4935 2108 4990 sein
2121 4957 2136 5002 ;
2190 4936 2320 4991 dass
2367 4953 2424 4992 es
2477 4936 2734 5010 iibrigens
2780 4937 2959 4993 neben
3015 4938 3235 5008 requlae
3282 4936 3525 5007 (κανόνος)
3571 4935 3777 4989 andere
3810 4932 4070 4987 Lfflarben
4113 4932 4371 5003 ‘gegeben

636 5015 820 5071 haben
849 5016 1016 5083 kann,
1055 5017 1205 5088 zeigt
1247 5020 1410 5074 Auet.
1447 5018 1649 5091 singul.
1685 5021 1813 5076 cler.
1851 5039 1906 5091 p.
1941 5022 2046 5076 526
2082 5022 2178 5078 sed
2209 5022 2287 5078 ad
2319 5039 2628 5079 mensuram
2664 5025 2973 5096 qratiae.
3010 5053 3077 5064 —-
3114 5040 3277 5093 quam
3307 5024 3557 5094 partitus
3593 5027 3673 5076 est
3711 5016 4068 5074 Ambrosiast..
4138 5018 4186 5072 5.
4224 5034 4370 5074 men·

638 5117 825 5156 suram
861 5103 898 5157 d
933 5103 1311 5171 Ambmsiast„
1358 5104 1531 5177 vigil.
1574 5123 1833 5163 mensura
1862 5110 1911 5166 Ἰ·
1963 5108 2242 5164 ablatiuue
2279 5123 2323 5177 g·
2375 5109 2467 5181 (cf.
2502 5108 2609 5180 fu).

2730 5110 2777 5164 7.
2827 5126 2939 5166 non
2986 5111 3127 5165 enim
3179 5115 3341 5179 quasi
3394 5124 3507 5164 non
3550 5108 3918 5178 pertimentes
3965 5103 4042 5160 ad
4089 5120 4217 5170 uve,
4272 5104 4371 5160 das

642 5184 758 5240 sich
792 5191 945 5243 sonat
977 5190 1192 5246 fiberall
1221 5192 1412 5257 findet,
1447 5191 1662 5249 scheint
1695 5192 1817 5248 hier
1852 5194 2027 5248 durch
2063 5195 2341 5250 Versehen
2381 5195 2725 5268 anagefallen
2760 5214 2828 5251 zu
2864 5194 2999 5252 sein.
3068 5195 3151 5250 22.
3191 5197 3252 5250 in
3282 5200 3630 5266 praeparata
3662 5192 3900 5264 qloriari
3933 5190 3970 5245 d
3984 5205 4043 5260 g.
4114 5190 4200 5246 30.
4238 5191 4374 5262 quid

638 5270 782 5326 fehlt
819 5273 855 5327 d
872 5291 916 5342 g*
950 5275 1165 5333 Lucifer
1200 5277 1339 5343 cal„
1375 5278 1732 5334 Ambrosiast.

505 5356 565 5413 (2
643 5356 672 5387 '⁸
715 5356 773 5410 in
803 5357 919 5415 Ioh.
957 5377 1152 5433 evang.
1189 5364 1237 5430 9,
1280 5365 1360 5421 17.
1385 5396 1448 5406 —-
1470 5366 1534 5397 *¹
1569 5383 1728 5422 serm.
1760 5366 1879 5432 299,
1908 5367 1988 5422 12.
2024 5396 2088 5407 -—
2127 5367 2211 5421 32.
2246 5368 2360 5422 zelo
2397 5367 2488 5423 dei
2519 5385 2623 5425 uos
2656 5370 2770 5426 zelo
2807 5368 2867 5424 in
2902 5369 3019 5424 Ioh.
3057 5385 3251 5440 evang.
3290 5368 3373 5432 13,
3411 5365 3476 5420 12
3511 5367 3705 5420 contra
3742 5362 4024 5418 Adimant.
4051 5361 4099 5428 7,
4137 5362 4173 5416 4
4198 5379 4253 5417 u.
4291 5363 4374 5420 11.

502 5444 573 5498 ΙΙ
641 5442 690 5498 3.
726 5443 821 5498 ced
857 5447 1070 5501 secund.
1103 5447 1171 5503 fu
1205 5465 1305 5518 vg.
1372 5453 1423 5507 4.
1461 5470 1573 5522 qua
1600 5467 1698 5521 vg.
1767 5453 1815 5507 5.
1846 5469 2101 5508 mensura
2129 5460 2273 5523 pert.
2312 5452 2380 5508 fu
2413 5469 2723 5511 mensuram
2752 5462 2895 5526 pert.
2931 5471 3027 5525 vg.
3097 5453 3177 5510 12.
3223 5455 3284 5509 in
3320 5469 3418 5508 vor
3452 5453 3751 5508 inmensum
3785 5465 3894 5503 von
3928 5449 4175 5518 spueret
4210 5448 4374 5506 Hand

641 5526 724 5584 fu.
798 5529 880 5584 15.
915 5540 1204 5590 crescentes
1238 5535 1322 5591 su.
1390 5539 1477 5595 21.
1510 5540 1572 5593 in
1606 5539 1681 5594 iia
1714 5553 1813 5608 vg.

1971 5644 2005 5699 2
2040 5645 2159 5701 Gor.
2201 5645 2280 5709 10,
2331 5644 2553 5700 13-18,
2638 5645 2718 5710 11,
2753 5645 2901 5700 1-2.

711 5739 791 5778 Zie
803 5741 930 5790 sier,
969 5742 1181 5794 sceninge:
1205 5746 1552 5797 lule-Fragment.

3948 5743 4014 5797 14
