5117 6800
1088 1172 1182 1243 A

792 1328 927 1386 εχει
1007 1309 1149 1368 καθ
1230 1326 1483 1387 ημεραν

794 1434 1081 1494 αναγκην
1136 1432 1360 1492 ωσπερ
1422 1433 1485 1475 οι

786 1541 1116 1600 αρχιερεισ
1163 1539 1485 1599 προτερον

792 1645 964 1707 υπερ
1072 1646 1202 1688 των
1302 1621 1485 1686 ιδιων

743 1745 777 1801 5
794 1753 1130 1814 αμαρτιων
1230 1734 1484 1793 &vocuo

796 1859 1153 1920 αι·αφερειν
1252 1857 1486 1897 suana

793 1967 925 2007 των
955 1965 1070 2006 του
1104 1940 1265 2004 laon
1291 1963 1484 2003 τουτο

794 2071 916 2131 γαρ
959 2065 1269 2131 εποιησεν
1325 2069 1483 2130 εφα-

794 2159 937 2232 παξ
964 2176 1199 2218 εαυτον
1227 2174 1482 2233 aravar-

708 2265 777 2320 10
791 2279 923 2327 κασ
968 2261 1078 2324 ²⁸0
1114 2275 1322 2342 νομοσ
1363 2280 1484 2339 γαρ

797 2373 1210 2448 ανθρωπουσ
1292 2368 1483 2427 καθι-

784 2490 1028 2556 στησιν
1156 2485 1485 2553 αρχιερεισ

799 2595 1080 2660 εχοντασ
1121 2581 1485 2642 acm-neem·

797 2709 834 2749 o
866 2686 1061 2766 λογοσ
1104 2684 1182 2745 δε
1214 2699 1340 2766 τησ
1382 2704 1483 2763 ορ-

713 2804 778 2857 15
794 2805 1140 2873 κωμοσιασ
1160 2803 1287 2873 τησ
1313 2810 1484 2870 μετα

797 2921 910 2962 τον
956 2917 1157 2977 νυμον
1199 2916 1337 2957 moi·
1380 2908 1484 2958 εισ

795 3027 911 3068 τον
932 3025 1139 3066 aton-a
1161 2999 1483 3063 τετελειω-

791 3132 994 3193 μενον
1064 3107 1218 3171 VIII.
1249 3107 1483 3188 Ῑκεφα-

793 3217 979 3282 λαιον
1000 3216 1078 3278 δε
1098 3236 1209 3276 sm
1222 3229 1367 3277 τοισ
1383 3211 1481 3275 λε·

704 3325 1097 3408 2ογομενοισ
1191 3340 1483 3383 τοιουτον

794 3452 1033 3513 εχομεν
1059 3449 1359 3510 αρχιερεα
1400 3441 1481 3490 οσ

796 3542 1114 3602 15anst-
1169 3556 1242 3596 cv
1295 3533 1482 3607 δεξια

792 3671 852 3710 κ.
897 3666 957 3706 τ.
998 3642 1059 3705 λ.

795 3749 902 3816 IX.
932 3750 987 3788 ²⁷
1002 3768 1111 3809 και
1147 3746 1287 3807 καθ
1325 3757 1483 3806 οσον

710 3861 779 3917 25
798 3874 1144 3919 αποκειται
1184 3865 1331 3929 voco
1371 3870 1482 3911 mr-

795 3966 1107 4044 θρωποισ
1295 3957 1485 4030 απαξ

793 4069 1171 4132 armamen-
1201 4083 1373 4143 μετα
1406 4060 1484 4122 δε

790 4195 988 4239 τουτο
1027 4186 1243 4253 κρισισ

796 4280 853 4322 ²⁸
867 4293 1084 4343 ουτωσ
1137 4298 1244 4339 και
1300 4297 1337 4338 o
1392 4289 1480 4353 χσ

705 4390 775 4449 30
792 4389 983 4462 απαξ
997 4383 1480 4463 προσενεχθεισ

794 4507 896 4557 εισ
937 4514 1013 4554 το
1066 4486 1327 4552 πολλων
1370 4507 1479 4547 αν·

793 4618 1072 4679 ενεγκειν
1144 4607 1478 4675 αμαρτιασ

791 4727 863 4769 εκ
925 4704 1233 4781 δευτερου
1276 4713 1479 4778 χωρισ

790 4823 1128 4892 αμαρτιασ
1263 4808 1477 4887 οφθη-

700 4936 773 4992 35
789 4932 981 4981 σεται
1045 4928 1193 4977 τοισ
1275 4930 1478 4973 αυτον

789 5019 1352 5099 απεκδεχομενοισ
1375 5030 1477 5080 εισ

1604 1306 1857 1371 bentem
1883 1306 2292 1370 cottidianam

1604 1414 2041 1478 necessitatem
2060 1461 2075 1490 ‚
2128 1413 2293 1478 sicut

1596 1520 1934 1601 principos
2001 1518 2291 1584 sacerdo-

1607 1629 1747 1690 tum
1765 1673 1781 1703 ‚
1841 1625 2116 1707 primum
2172 1644 2290 1707 pro

1605 1732 1748 1796 suis
1782 1732 2065 1813 peccatis
2102 1732 2290 1796 sacri-

1607 1837 1821 1903 ficium
1876 1838 2106 1902 offerre
2177 1838 2290 1903 de-

1605 1944 1753 2011 hinc
1827 1961 1952 2025 pro
2022 1944 2287 2028 populo;

1604 2050 1728 2116 hoc
1828 2050 1999 2116 enim
2093 2049 2289 2116 semel

1606 2158 1754 2222 fecit
1798 2158 2076 2239 offerens
2118 2175 2204 2221 se.

1611 2263 1799 2329 ²⁸Lex
1812 2263 1985 2329 enim
1998 2262 2291 2329 homines

1609 2369 1933 2435 constituit
1997 2368 2291 2434 sacerdo-

1606 2480 1704 2542 tes
1745 2475 2056 2541 habentes
2108 2474 2292 2556 infir-

1606 2583 1918 2660 mitatem,
1949 2601 2160 2646 sermo
2175 2601 2292 2647 au-

1608 2689 1737 2753 tem
1792 2687 2127 2752 iurationis
2186 2687 2293 2768 qui

1606 2797 1749 2876 post
1765 2793 1967 2874 legem
1982 2797 2077 2858 est
2089 2793 2291 2859 filium

1604 2898 1672 2964 in
1754 2906 2088 2965 aeteruum
2147 2918 2292 2983 per-

1605 3005 1861 3070 fectum.

1605 3110 1757 3175 VIII.
1793 3112 1815 3151 ¹
1829 3109 2040 3196 Caput
2070 3114 2289 3180 autem

1606 3234 1804 3298 super
1859 3238 1937 3283 ea
1988 3235 2151 3299 quae
2195 3216 2290 3282 di-

1607 3326 1840 3391 cuntur
1868 3324 2065 3389 talem
2090 3322 2291 3389 habe-

1603 3450 1748 3498 mus
1883 3431 2290 3497 sacerdotem

1604 3538 1714 3621 qui
1733 3538 1912 3602 sedet
1924 3538 1992 3601 in
2017 3536 2288 3602 dextera

1604 3643 1794 3683 ***

1604 3748 1709 3813 IX.
1737 3748 1845 3788 ²⁷*
1861 3747 1948 3787 ²⁸*
1983 3746 2288 3812 constitu-

1604 3856 1745 3918 tum
1787 3857 1881 3919 est
1924 3852 2288 3919 hominibus

1603 3959 1797 4024 semel
1838 3962 2098 4025 tantum
2129 3958 2291 4023 mori

1603 4068 1669 4131 et
1730 4069 1874 4150 post
1942 4065 2066 4130 hoo
2125 4064 2289 4131 iudi-

1602 4172 1770 4237 cium
1786 4220 1801 4249 ‚

1605 4278 1663 4316 ’Β
1690 4279 1779 4342 sic
1862 4280 1929 4341 et
2002 4275 2288 4343 Christus

1599 4382 1793 4448 semel
1850 4382 2103 4449 oblatus
2171 4387 2285 4462 est,

1599 4492 1672 4553 ut
1732 4489 2079 4555 multorum
2137 4510 2287 4574 pec-

1600 4598 1752 4661 cata
1804 4599 2121 4678 portaret3
2186 4616 2284 4660 se-

1599 4701 1811 4766 eundo
1843 4701 1977 4766 sine
2008 4692 2297 4785 peccatis*

1599 4808 1934 4889 apparebit
2007 4809 2095 4872 eis
2173 4807 2283 4891 qui

1596 4930 1748 4976 eum
1816 4915 2131 4979 sustinent
2195 4914 2281 4980 ad

1594 5017 1884 5083 salutem.

2696 984 2838 1056 1400

2717 1168 2798 1246 θ

2414 1301 2857 1385 quotidianam
2881 1320 3101 1367 neces-

2370 1457 2375 1462 .
2412 1409 2682 1487 sitatem‚
2722 1410 2885 1474 sicut
2925 1407 3099 1492 prin-

2412 1516 2582 1598 cipes
2671 1515 3096 1594 sacerdotum,

2410 1620 2689 1704 primum
2771 1640 2889 1705 pro
2968 1620 3098 1684 suis

2409 1727 2686 1809 peccatis
2720 1726 3096 1791 sacrificimn

2410 1832 2638 1897 offerre
2692 1832 2927 1897 dehine
2978 1851 3095 1916 pro

2410 1938 2658 2022 populi3
2732 1937 2856 2003 hoe
2922 1939 3094 2002 enim

2409 2045 2608 2110 semel
2649 2045 2796 2110 fecit
2824 2044 3094 2109 offerens

2410 2169 2495 2215 se.

2409 3750 2445 3790 *
2486 3749 2566 3817 Et
2601 3751 2761 3817 sicut
2789 3752 3091 3817 constitu-

2408 3859 2547 3922 tum
2590 3860 2686 3921 est
2728 3857 3091 3923 hominibus

2408 3963 2606 4027 semel
2644 3966 2902 4029 tantum
2931 3965 3092 4029 mori

2407 4072 2472 4134 et
2538 4073 2682 4152 post
2741 4070 2866 4135 hoc
2929 4069 3092 4137 iudi-

2407 4176 2575 4240 cium
2593 4223 2609 4253 ‚

2405 4281 2494 4345 sie
2551 4284 2618 4346 et
2658 4279 2944 4346 Christus
2990 4301 3089 4345 se-

2404 4384 2531 4451 mel
2576 4386 2827 4451 oblatus
2862 4390 2974 4465 est,
3016 4389 3091 4451 ut

2403 4492 2756 4557 multorum
2825 4495 3090 4575 peccata

2403 4600 2715 4680 portaret3
2805 4598 3088 4665 secundo

2402 4703 2537 4767 sine
2576 4703 2849 4786 peccatis
2888 4722 3088 4786 appa-

2402 4808 2567 4873 rebit
2622 4810 2711 4874 eis
2772 4811 2882 4892 qui
2936 4828 3087 4874 eum

2398 4916 2715 4981 sustinent
2769 4914 2857 4980 ad
2916 4914 3087 4983 salu-

2400 5023 2552 5085 tem.

3214 1302 3363 1368 tidie
3433 1306 3896 1385 necessitatem,

3213 1412 3761 1493 quemadmodum
3794 1430 3899 1478 sa·-

3213 1518 3521 1596 cerdotae,
3565 1518 3738 1601 prius
3779 1537 3897 1601 pro

3211 1625 3339 1689 suis
3383 1623 3622 1692 delictis
3657 1623 3897 1692 hostias

3212 1731 3437 1798 offerre
3487 1729 3718 1798 deinde
3779 1749 3898 1814 pro

3210 1837 3454 1922 populi;
3537 1837 3661 1901 hoc
3724 1836 3896 1902 enim

3211 1944 3356 2008 fecit
3396 1942 3592 2008 semel
3632 1962 3701 2007 se
3740 1942 3895 2007 offe-

3209 2050 3427 2114 rend0.

3212 2261 3400 2326 ⁸⁸Lex
3412 2261 3586 2325 enim
3604 2258 3895 2324 homines

3208 2367 3535 2432 constituit
3599 2365 3892 2430 sacerdo-

3205 2476 3300 2538 tes
3459 2456 3892 2537 infirmitatem

3205 2581 3518 2645 habentes
3535 2629 3551 2658 ‚
3683 2597 3892 2643 sermo

3205 2688 3424 2751 autem
3491 2684 3891 2750 iurisiurandi

3208 2793 3316 2876 qui
3362 2794 3507 2875 post
3557 2789 3762 2872 legem
3796 2794 3892 2855 est

3206 2898 3409 2962 filium
3451 2898 3518 2961 in
3556 2900 3889 2962 aeternum

3205 3004 3573 3087 perfectum.

3251 3109 3403 3174 VIII.
3468 3110 3488 3147 ¹
3524 3106 3890 3191 Capitulum

3205 3219 3424 3282 autem
3525 3233 3715 3298 super
3813 3232 3890 3277 ea

3207 3341 3374 3407 quae
3431 3320 3728 3386 dicuntur
3790 3323 3891 3383 ta-

3206 3429 3333 3494 lem
3371 3428 3687 3493 habemus
3729 3445 3890 3509 pon-

3207 3536 3444 3601 tificem
3529 3534 3639 3618 qui
3736 3552 3889 3597 oon-

3204 3641 3376 3706 sedit.
3391 3643 3457 3706 in
3488 3641 3749 3705 dextera
3778 3645 3886 3704 cet.

3203 3748 3308 3813 IX.
3350 3748 3410 3787 ²⁷
3435 3748 3514 3813 Et
3579 3746 3889 3829 quemad-

3205 3854 3471 3919 modum
3576 3855 3888 3917 statutum

3206 3964 3302 4025 oet
3363 3959 3728 4024 hominibus
3788 3977 3889 4023 se-

3203 4066 3328 4132 mel
3374 4066 3538 4131 mori
3577 4068 3719 4149 post
3763 4065 3888 4130 hoc

3204 4176 3425 4238 autem
3470 4170 3768 4237 iudicium
3787 4219 3802 4249 ,

3207 4278 3264 4317 ’Β
3275 4280 3365 4343 sic
3454 4280 3518 4342 et
3600 4275 3887 4342 Christus

3199 4384 3396 4448 semel
3475 4382 3725 4448 oblatus
3800 4383 3886 4448 ad

3201 4490 3549 4581 multorum
3691 4511 3887 4555 exau-

3205 4596 3428 4660 rienda
3471 4600 3734 4678 peccata
3786 4615 3886 4661 se-

3201 4701 3412 4767 cundo
3455 4703 3590 4767 sine
3621 4707 3885 4786 peccato

3200 4808 3532 4891 apparebit
3544 4812 3886 4892 expectan-

3199 4913 3368 4979 tibus
3399 4935 3468 4981 se
3496 4915 3563 4980 in
3589 4916 3895 4981 salutem.

4011 1307 4162 1373 tidie
4204 1328 4404 1374 nesse·
4472 1328 4696 1393 quem-

3985 1435 3994 1442 ·
4011 1412 4364 1482 admodum
4487 1436 4695 1482 sacer-

4012 1520 4195 1585 dotes
4218 1523 4405 1604 prius·
4435 1542 4553 1605 pro
4568 1522 4695 1590 suis

4011 1626 4270 1691 delictis·
4420 1628 4696 1694 hostiam

4011 1733 4251 1798 offerre·
4307 1733 4536 1800 deinde
4578 1754 4693 1817 po-

4010 1838 4157 1923 puli·
4201 1839 4324 1904 hoc
4354 1839 4526 1905 enim
4549 1841 4695 1905 feeit

4008 1945 4222 2010 semel·
4254 1966 4323 2011 se
4346 1947 4690 2012 offerendo·

4006 2262 4108 2327 lex
4146 2262 4316 2326 enim
4349 2263 4688 2328 constituit·

4007 2369 4363 2434 sacerdotes
4377 2369 4688 2433 homines·

4005 2474 4317 2539 habentes
4358 2474 4690 2539 infirmita-

4005 2585 4155 2646 tem·
4180 2580 4451 2646 uerbum
4472 2585 4690 2646 autem

4005 2686 4444 2753 iurisiurando·
4514 2687 4690 2770 quod

4005 2796 4148 2876 post
4264 2792 4472 2875 legem
4574 2797 4687 2857 est·

4003 2899 4205 2963 filium
4272 2900 4340 2963 in
4404 2902 4685 2963 aeterno·

4003 3005 4354 3088 perfeetum

4004 3112 4350 3195 capitulum
4449 3112 4685 3175 autem·

4001 3236 4190 3300 super
4229 3235 4309 3282 ea
4341 3235 4508 3301 quae
4535 3217 4688 3281 dici-

4000 3343 4161 3389 mus·
4203 3323 4332 3388 tale
4372 3322 4687 3388 habemus

4000 3429 4416 3495 sacerdotem·
4447 3430 4557 3513 qui
4585 3448 4684 3493 se-

4000 3536 4093 3601 dit
4177 3537 4245 3601 in
4335 3535 4683 3600 dexteram·

4002 3648 4114 3708 cot.

3999 3754 4064 3815 et
4137 3747 4687 3831 quemadmodum

3998 3859 4286 3922 statuum
4323 3857 4436 3918 aet.
4476 3854 4685 3918 homi-

4000 3962 4205 4026 nibus·
4259 3961 4455 4026 semel
4503 3959 4681 4024 mori·

4002 4071 4066 4133 et
4117 4070 4339 4151 postea
4403 4067 4680 4133 iudicari·

3998 4174 4087 4238 sic
4129 4175 4193 4238 et
4235 4174 4522 4238 christus.
4582 4193 4683 4238 se-

3998 4278 4125 4343 mel
4231 4279 4481 4345 oblatus
4596 4280 4684 4345 ad

3997 4385 4365 4450 multorum·
4485 4405 4682 4453 exau-

3997 4491 4223 4556 rienda
4261 4496 4540 4576 peccata·
4584 4513 4684 4558 se-

3998 4596 4213 4662 cundo
4237 4599 4373 4663 sine
4396 4604 4678 4682 peccato.

3998 4703 4329 4787 apparebit
4342 4709 4682 4788 expectan-

3996 4810 4167 4874 tibus
4219 4829 4387 4877 eum·
4459 4812 4528 4876 in
4576 4833 4682 4879 sa-

3997 4915 4215 4980 lutern-

788 5170 859 5225 Δ
929 5168 977 5220 5.
1018 5169 1210 5217 ovo-av
1245 5161 1407 5218 DEP
1447 5163 1561 5217 und
1602 5164 1635 5218 3
1670 5163 1909 5219 Minusk.
1980 5164 2064 5219 24.
2098 5165 2220 5220 Von
2256 5165 2378 5222 hier
2414 5166 2500 5222 bis
2537 5185 2665 5221 zum
2700 5165 2953 5221 Schlusse
2986 5164 3133 5236 folgt
3167 5165 3267 5221 der
3297 5166 3505 5237 griech-
3537 5166 3682 5222 Text
3718 5166 3862 5222 nac-h
3898 5167 4023 5222 dem
4058 5166 4453 5222 Sinaitieus.

787 5255 859 5310 B
933 5253 981 5306 1.
1028 5252 1129 5321 qui
1178 5265 1290 5304 non
1337 5249 1501 5305 habet
1548 5251 1793 5319 quotidie
1836 5253 2207 5308 necessitatem
2252 5254 2396 5310 sicut
2438 5253 2751 5311 sacerdotes
2793 5253 2960 5323 prius
2997 5267 3109 5322 pro
3152 5253 3270 5307 suis
3315 5252 3529 5309 delicti-3
3563 5255 3803 5309 hostiam
3840 5254 4041 5323 offerre
4075 5252 4269 5308 deinde
4299 5270 4410 5324 pro
4445 5253 4650 5324 populi
4659 5273 4680 5321 ,-

928 5340 1033 5395 hoc
1069 5336 1211 5393 mim
1235 5334 1379 5404 fecit
1411 5335 1573 5391 sanuel
1602 5352 1659 5391 sc
1696 5336 1976 5406 offerendo
2016 5337 2266 5393 Ambros.
2343 5339 2394 5393 4.
2431 5340 2536 5396 alii
2570 5338 2880 5395 sacerdotes
2909 5353 3018 5408 pro
3052 5353 3111 5393 se
3147 5339 3450 5408 offerebant
3482 5344 3535 5394 et
3567 5354 3674 5409 pro
3706 5339 3923 5409 populo
3957 5354 4060 5393 suo
4097 5338 4230 5393 ibid.
4313 5339 4361 5394 8.
4395 5341 4501 5396 hoc
4537 5342 4680 5395 enim

913 5424 1058 5494 fecit
1092 5422 1255 5479 semel
1290 5436 1349 5475 se
1384 5422 1568 5491 ipsum
1606 5422 1841 5492 offerens
1889 5424 2129 5478 hostiam
2179 5423 2281 5480 deo
2317 5424 2495 5479 Hilar.
2589 5424 2672 5480 13.
2722 5438 2898 5478 senno
2934 5429 3118 5479 autem
3162 5424 3463 5479 iurationis
3499 5425 3597 5494 qui
3623 5430 3759 5494 post
3793 5424 3960 5495 legem
3997 5430 4078 5480 est
4099 5424 4261 5494 filius
4299 5426 4360 5481 in
4398 5433 4679 5481 aeternum

918 5508 1203 5580 perfectus
1231 5505 1409 5578 vigil.
1479 5508 1564 5563 36.
1603 5509 1720 5564 cod.
1755 5507 1988 5563 Florian.
2024 5526 2107 5562 nr.
2139 5509 2207 5563 52
2242 5507 2317 5564 ist
2352 5510 2496 5565 nach
2529 5511 2591 5565 in
2628 5510 2863 5566 salutem
2898 5508 3040 5563 noch
3070 5524 3177 5579 per
3199 5509 3369 5578 fidem
3403 5508 3721 5580 beigeeetzt.

783 5595 843 5651 (3
922 5595 992 5650 de
1029 5593 1237 5663 peccat.
1274 5593 1456 5648 merit.
1493 5596 1552 5650 et
1584 5593 1791 5649 remise.
1832 5594 1877 5659 1,
1912 5594 1996 5647 50.

780 5680 851 5734 Ι)
920 5680 1006 5735 30.
1046 5680 1265 5736 oblatum
1301 5687 1383 5735 est
1417 5693 1516 5750 vg.
1587 5678 1673 5734 31.
1706 5678 2090 5735 exhaurienda
2126 5676 2210 5733 fu.
2280 5677 2365 5733 34.
2399 5681 2674 5750 apparuit
2699 5678 2783 5735 fu.
2853 5680 2939 5735 35.
2971 5696 3030 5736 se
3063 5679 3208 5735 fehlt
3241 5678 3325 5735 fu.

777 5766 841 5823 Β
921 5766 967 5821 1.
1004 5780 1218 5822 neccsse
1244 5764 1370 5821 Sab.
1435 5767 1485 5820 5.
1510 5780 1621 5836 pro
1650 5765 1855 5835 populi
1872 5779 1921 5819 e.
1976 5764 2054 5819 14.
2078 5763 2452 5820 iurisiurandi
2469 5763 2596 5820 Sab.
2650 5765 2733 5821 16.
2750 5767 2810 5822 in
2838 5772 3119 5822 aeternum
3134 5766 3261 5821 Sab.
3310 5765 3396 5819 20.
3420 5764 3720 5821 talemSab.
3766 5766 3850 5820 21.
3870 5764 4078 5822 sedete.
4150 5767 4237 5822 25.
4259 5773 4529 5823 statutum
4549 5767 4674 5824 Sab.

2185 5849 2354 5904 Hebr.
2390 5850 2440 5915 7,
2475 5850 2699 5909 27—28.
2772 5850 2821 5916 8,
2861 5852 2908 5905 1.
2978 5851 3029 5917 9,
3063 5850 3289 5906 27-28.
