5117 6800
854 1073 947 1143 A

469 1230 549 1295 τη
633 1211 706 1285 εξ
779 1228 962 1290 ημων
1040 1226 1114 1268 εν
1192 1225 1347 1286 υμιν

470 1338 694 1400 αγαπη
737 1335 845 1377 ινα
887 1333 995 1374 και
1027 1333 1100 1374 εν
1138 1331 1344 1393 votvm)

462 1445 551 1508 gn]
629 1440 842 1503 χαριτι
915 1432 1345 1499 περισσευητε

473 1530 502 1570 ⁸
518 1551 593 1593 ov
650 1550 772 1590 κατ
824 1546 1135 1607 επιταγην
1185 1522 1344 1605 hya?

470 1635 637 1699 αλλα
717 1633 828 1696 δια
913 1646 1040 1714 τησ
1109 1651 1345 1709 ersom·

468 1741 776 1823 σπουδησ
866 1760 974 1801 και
1055 1760 1132 1800 το
1217 1752 1343 1819 τησ

467 1861 796 1930 υμθτδρασ
865 1859 1134 1927 αἵαπησ
1201 1865 1342 1926 7¹⁷1*

469 1972 612 2023 σιον
656 1954 1016 2034 δοκιμαζων
1089 1951 1341 2031 ”ramw-

469 2078 659 2128 σκετε
700 2082 819 2140 γαρ
856 2081 973 2142 την
1006 2079 1192 2139 χαριν
1223 2078 1339 2120 του

470 2189 548 2232 xv
587 2188 771 2252 ημων
811 2187 873 2228 w
912 2186 1010 2227 οτι
1051 2164 1118 2227 δι
1157 2179 1341 2244 υμασ

471 2288 882 2354 επτωχευσεν
1017 2269 1340 2335 πλουσιοσ

469 2403 560 2445 ων
604 2367 712 2443 ora
738 2393 931 2460 υμεισ
971 2400 1051 2459 τη
1095 2399 1339 2439 εκεινου

471 2508 759 2568 πτωχεια
850 2483 1259 2567 πλουτησητε

476 2595 648 2656 Ῑθκαι
703 2587 961 2673 γίνωμην
1020 2612 1092 2652 εν
1132 2612 1340 2653 τουτω

466 2701 703 2782 διδωμι
755 2719 947 2760 τουτο
1004 2719 1125 2778 γαρ
1189 2717 1341 2778 vpas-

466 2823 784 2890 συμφερει
905 2818 1146 2868 οιτινεσ
1265 2824 1340 2865 ου

469 2935 673 2995 μονον
729 2933 804 2973 το
859 2925 1129 2991 ποιησαι
1176 2908 1341 2972 aila

469 3042 575 3082 και
624 3039 702 3080 το
752 3015 977 3079 θελειν
1025 3036 1338 3099 προενηρ-

469 3118 687 3200 ξοὶσθε
829 3143 967 3184 arco
1101 3138 1339 3202 περυσι

475 3232 721 3294 Πνυνει
778 3229 852 3292 δε
893 3252 1000 3291 και
1041 3250 1117 3292 το
1157 3251 1336 3312 ποιη-

468 3354 583 3403 σαι
657 3335 1075 3401 επιτελεσατε
1146 3351 1336 3401 οπωσ

466 3449 780 3526 καθαπερ
858 3465 899 3526 η
992 3446 1336 3523 προθυμια

465 3574 582 3614 του
606 3551 830 3615 &slew
859 3565 1074 3613 ουτωσ
1111 3571 1219 3611 και
1259 3571 1336 3611 το

465 3657 838 3721 επιτελεσαι
890 3680 961 3719 εκ
1011 3678 1126 3718 του
1166 3677 1337 3735 εχειν

472 3763 525 3803 ¹¹
541 3787 596 3828 ει
679 3786 799 3844 γαρ
877 3786 917 3845 η
989 3766 1336 3843 προθυμια

463 3891 800 3951 προκειται
844 3873 1019 3932 ›ea-9⁰
1060 3891 1177 3932 εαν
1221 3892 1335 3953 εχη

463 3976 950 4059 ευπροσδεκτοσ
1027 3998 1101 4038 ου
1157 3980 1335 4040 καθο

465 4105 578 4145 ουκ
616 4106 747 4164 εχει
787 4108 843 4148 κ.
885 4105 941 4145 τ.
984 4082 1039 4146 λ.

463 4344 531 4401 A
605 4344 651 4398 l.
685 4345 735 4399 εξ
769 4363 910 4405 numu

2354 843 2483 951 101

2877 1069 2952 1138 (3

1475 1223 1556 1268 ea
1632 1222 1797 1286 quae
1878 1222 1957 1268 ex
2025 1203 2209 1267 nobis
2277 1203 2344 1267 in
2469 1221 2636 1286 quae
2713 1222 2792 1266 ex
2852 1203 3033 1267 uobis
3110 1204 3205 1265 est
3271 1200 3338 1266 in
3457 1219 3645 1283 super
3688 1205 3753 1266 et
3802 1203 4064 1268 caritate
4111 1208 4327 1271 uaetra

1475 1308 1656 1374 uobis
1695 1311 1790 1374 cst
1832 1308 2107 1388 caritate,
2160 1313 2233 1375 ut
2279 1313 2344 1375 et

1471 1416 1539 1479 in
1573 1414 1697 1480 hac
1733 1415 1937 1497 gratia
1976 1416 2340 1482 abundetis.

1475 1520 1662 1586 ⁸Non
1733 1522 2085 1587 secundum
2147 1523 2343 1607 impe·

1471 1628 1638 1693 rium
1703 1629 1843 1693 dico
1910 1629 2023 1693 sed
2083 1637 2344 1713 propter

1471 1734 1741 1800 aliorum
1792 1735 2070 1800 studium
2119 1739 2183 1799 et
2230 1755 2342 1800 ue-

1470 1845 1637 1906 strae
1658 1841 1933 1906 caritatis
1952 1842 2342 1908 carissimum

1470 1948 1766 2031 probans.
1871 1947 2092 2013 ”Scitis
2169 1949 2340 2013 enim

1469 2057 1736 2138 gratiam
1819 2054 2059 2119 domini
2143 2056 2341 2120 nostri

1467 2161 1606 2227 laeu
1688 2161 1917 2227 Christi
1932 2210 1948 2240 ‚
2036 2163 2340 2244 quoniam

1467 2272 1724 2351 propter
1738 2288 1854 2332 uos
1873 2288 2117 2352 pauper
2135 2269 2339 2333 factus

1467 2378 1580 2452 est,
1625 2394 1769 2440 cum
1828 2375 2003 2463 diues
2044 2378 2223 2454 esset,
2269 2378 2341 2439 ut

1466 2481 1627 2544 illius
1649 2484 2020 2564 paupertate
2036 2501 2153 2547 uos
2175 2482 2338 2546 dita-

1467 2588 1709 2652 remini.
1802 2588 1950 2653 ¹⁰Et
2012 2588 2337 2654 consilium

1467 2694 1535 2758 in
1596 2695 1718 2760 hoc
1785 2694 1901 2771 d0;
1984 2696 2106 2760 hoc
2166 2695 2337 2760 enim

1469 2801 1648 2865 uobis
1688 2803 1962 2885 prodest,
2016 2804 2168 2885 quia
2204 2823 2337 2868 non

1467 2908 1671 2973 solum
1699 2910 1903 2973 facere
1937 2909 2049 2973 sed
2082 2913 2146 2974 et
2174 2909 2337 2975 uelle

1467 3015 1753 3097 coepistis
1789 3016 1875 3079 ab
1906 3034 2080 3080 anno
2101 3019 2333 3100 priore3

1476 3227 1528 3265 ¹¹
1541 3245 1715 3291 nunc
1772 3229 1990 3291 autem
2049 3230 2114 3291 et
2168 3227 2336 3292 facto

1466 3334 1763 3418 perficite,
1808 3337 1879 3397 ut
1919 3333 2338 3416 quemadmo-

1468 3441 1624 3505 dum
1680 3443 2009 3524 promptus
2060 3444 2154 3505 est
2200 3441 2338 3506 ani·-

1466 3566 1612 3612 mus
1693 3546 2037 3612 uoluntatis
2106 3548 2199 3612 ita
2258 3549 2337 3611 sit

1466 3656 1532 3720 et
1558 3654 1921 3737 perficiendi
1951 3673 2031 3719 ex
2055 3673 2133 3720 eo
2161 3655 2337 3737 quod

1466 3763 1733 3844 quisque
1755 3761 1964 3826 habet.
2014 3759 2135 3824 ¹²Si
2158 3761 2337 3827 enim

1465 3870 1799 3952 promptus
1829 3870 1923 3931 est
1936 3869 2205 3945 animm,
2242 3888 2336 3932 se-

1465 3975 1750 4040 cundum
1816 3973 1880 4038 id
1923 3974 2097 4056 quod
2140 3972 2337 4038 habet

1465 4080 1865 4164 acceptabilis
1904 4087 2026 4159 est,
2069 4101 2196 4146 non
2238 4101 2336 4145 se·

2468 1329 2585 1373 nos
2616 1309 2896 1385 caritate,
2924 1312 2998 1373 ut
3018 1311 3082 1373 et
3109 1308 3176 1372 in
3215 1308 3338 1373 hac
3454 1307 3522 1372 in
3581 1327 3725 1390 ηοε,

2466 1416 2670 1499 gratia
2753 1415 3106 1480 abundetis,

2465 1523 2611 1587 Non
2636 1521 2988 1587 secundum
3002 1521 3335 1604 imperium

2471 1630 2613 1694 dico
2632 1629 2744 1695 sed
2790 1630 3047 1712 propter
3066 1627 3334 1693 aliorum

2462 1736 2747 1802 studium
2788 1737 2853 1800 et
2889 1737 3136 1799 uestrae
3175 1734 3334 1798 cali·-

2461 1843 2613 1907 tatis
2627 1841 3016 1908 carissimum
3035 1841 3330 1923 probans

2462 1949 2644 2014 Scitis
2683 1949 2854 2012 enim
2904 1948 3177 2029 gratiam
3217 1947 3333 2011 do-

2461 2055 2619 2120 mini
2660 2055 2857 2120 nostri
2904 2053 3043 2119 Iesu
3086 2053 3333 2132 Christi,

2461 2163 2766 2245 quoniam
2857 2163 3113 2244 propter
3216 2179 3332 2223 uos

2458 2289 2704 2352 pauper
2747 2268 2950 2332 factus
2990 2270 3104 2346 est,
3183 2286 3332 2333 cum

2461 2376 2636 2440 diues
2665 2378 2845 2453 esset,
2884 2378 2958 2438 ut
2980 2374 3142 2439 illius
3167 2393 3331 2458 pau·

2458 2485 2704 2565 pertate
2778 2502 2895 2546 uos
2955 2481 3329 2546 ditaremini.

2459 2590 2538 2654 Et
2574 2589 2903 2654 consilium
2942 2588 3009 2652 in
3050 2588 3173 2652 hoc
3215 2587 3329 2664 do;

2455 2699 2579 2762 hoc
2622 2697 2792 2760 enim
2843 2695 3022 2761 uobis
3074 2696 3331 2778 prodest

2457 2806 2567 2887 qui
2643 2823 2775 2868 non
2850 2802 3055 2867 solum
3125 2802 3330 2867 facere

2455 2912 2569 2976 sed
2612 2910 2806 2975 etiam
2842 2910 3004 2974 uelle
3045 2909 3330 2992 coepistis

2456 3018 2542 3083 ab
2583 3036 2756 3083 anno
2794 3017 3029 3099 priore3

2455 3248 2629 3293 nunc
2705 3231 2922 3294 autem
3016 3232 3081 3293 et
3161 3229 3328 3294 facto

2455 3335 2757 3418 perficite,
2796 3338 2870 3401 ut
2911 3335 3327 3419 quemadmo-

2457 3442 2614 3507 dum
2665 3446 2953 3526 promtus
3013 3446 3109 3508 aet
3188 3443 3327 3507 ani-

2454 3567 2599 3613 mus
2680 3549 3025 3614 uoluntatis
3095 3551 3185 3615 ita
3246 3550 3327 3614 sit

2455 3658 2521 3719 et
2547 3655 2914 3738 perficiendi
2948 3675 3029 3721 ex
3049 3674 3125 3720 eo
3151 3656 3326 3738 quod

2455 3762 2722 3844 quisque
2763 3761 2976 3826 habet.
3061 3761 3126 3825 Si
3155 3763 3326 3827 enim

2454 3871 2742 3952 promtus
2785 3872 2879 3933 est
2921 3862 3191 3945 mimus,
3228 3887 3326 3933 se-

2455 3975 2741 4040 cundum
2793 3975 2859 4039 id
2917 3975 3090 4058 quod
3132 3974 3330 4038 habet

2456 4081 2839 4165 acceptibilis
2879 4085 3001 4161 est,
3058 4100 3190 4146 non
3229 4100 3327 4145 se-

3820 1312 3891 1373 ut
3951 1314 4015 1374 et
4076 1311 4144 1375 in
4197 1311 4326 1377 ,hae

3455 1415 3658 1495 gratia
3698 1414 4050 1481 abundetis.

3456 1520 3484 1559 ⁸
3519 1520 3661 1586 Non
3747 1521 3928 1604 quasi
4006 1523 4321 1606 imperans

3452 1628 3592 1694 dico
3682 1627 3794 1692 sed
3875 1648 3988 1711 per
4052 1629 4319 1694 aliorum
4368 1639 4403 1695 5

3451 1734 3929 1800 sollicitudinem
3972 1737 4165 1800 etiam
4206 1755 4320 1800 ue-

3449 1846 3616 1907 strae
3669 1841 3945 1909 caritatis
3993 1842 4320 1924 ingenium

3449 1949 3694 2015 bonum
3704 1949 4138 2031 comprobans.
4160 1949 4319 2013 ⁹Sci-

3448 2057 3527 2120 tis
3568 2057 3740 2121 enim
3766 2057 4039 2137 gratiam
4079 2054 4319 2120 domini

3450 2163 3647 2226 nostri
3689 2162 3826 2228 Iesu
3868 2161 4121 2239 Christi,
4158 2181 4317 2245 quo-
4335 2163 4401 2217 10

3449 2269 3626 2335 niam
3654 2272 3910 2351 propter
3941 2288 4056 2334 uos
4082 2287 4317 2350 egenus

3449 2376 3650 2441 factus
3663 2378 3776 2454 ost,
3793 2393 3938 2439 cum
3954 2374 4315 2452 essetdiuae‚

3449 2485 3520 2549 ut
3539 2481 3700 2546 illius
3719 2482 3930 2565 inopia
3949 2501 4065 2546 uos
4092 2480 4318 2545 diuites

3450 2588 3681 2652 essetis.
3733 2587 3787 2625 ¹⁰
3801 2587 3879 2651 Et
3904 2587 4232 2653 consilium
4250 2588 4318 2651 in

3448 2696 3572 2760 hoc
3610 2695 3724 2770 do;
3770 2694 3892 2759 hoc
3928 2694 4099 2759 enim
4137 2694 4317 2758 uobis
4335 2701 4399 2756 15

3448 2802 3602 2867 utile
3643 2804 3739 2866 est
3783 2800 3892 2883 qui
3939 2821 4073 2865 non
4112 2801 4316 2865 solum

3448 2909 3653 2973 facere
3706 2906 3819 2971 sed
3871 2911 3936 2972 et
3976 2907 4137 2972 uelle
4176 2925 4318 2971 coe-

3447 3015 3623 3098 pistis
3663 3014 3748 3078 ab
3786 3032 3960 3078 anno
3997 3013 4234 3095 priore;

3457 3225 3510 3264 ¹¹
3524 3244 3698 3290 nunc
3774 3245 3928 3292 uero
4012 3229 4075 3291 et
4148 3226 4316 3291 iacto
4328 3227 4398 3282 2⁰

3448 3332 3744 3416 perficite,
3786 3337 3860 3397 ut
3898 3332 4315 3417 quemadmo-

3445 3440 3605 3505 dum
3673 3442 3957 3522 promtus
4026 3444 4120 3505 est
4177 3438 4315 3505 ani-

3447 3566 3591 3612 mus
3627 3547 3972 3612 uoluntatis
4014 3548 4102 3610 ita
4142 3547 4221 3611 sit
4252 3546 4317 3609 et

3446 3653 3812 3737 perficiendi
3872 3671 3950 3717 ex
4017 3671 4093 3717 eo
4143 3653 4316 3736 quod

3444 3759 3710 3824 habetis
3805 3758 3938 3824 ¹2Si
3990 3761 4160 3824 enim
4200 3766 4399 3825 uo-25

3444 3866 3660 3931 luntas
3701 3869 3998 3949 prompta
4047 3869 4168 3945 est,
4218 3886 4317 3931 se-

3446 3973 3729 4038 cundum
3777 3972 3842 4037 id
3891 3973 4064 4056 quod
4122 3974 4318 4039 habet

3446 4083 3707 4162 accepta
3746 4084 3842 4143 est
3860 4128 3876 4159 ‚
3919 4099 4050 4145 non
4092 4098 4317 4144 secun-

942 4364 994 4394 υ
1029 4364 1147 4403 vnn
1182 4360 1289 4397 nur
1323 4341 1465 4396 noch
1502 4340 1562 4395 in
1598 4340 1632 4395 8
1668 4340 1904 4396 Minusk.
1949 4344 2002 4400 εξ
2036 4363 2173 4401 maen
2202 4362 2256 4393 υ
2289 4363 2410 4410 quw
2443 4344 2496 4393 Σ
2506 4341 2895 4398 CDEFGKL
2911 4342 2972 4397 P.
3053 4343 3102 4396 5.
3152 4343 3237 4394 δια
3272 4363 3368 4410 την
3413 4361 3540 4411 περ.
3588 4341 3816 4408 σπουδην
3850 4337 3971 4392 DE.
4049 4339 4129 4393 10.
4168 4360 4220 4392 w
4248 4360 4320 4406 χιι

600 4428 689 4482 die
718 4425 898 4497 fibi-ig.
925 4426 1226 4483 Handschr.
1300 4427 1378 4482 12.
1414 4449 1499 4479 ινα
1530 4449 1578 4483 τ.
1615 4449 1755 4482 sustu.
1783 4446 1950 4494 πτωχ.
1986 4448 2130 4489 vum
2170 4427 2536 4484 D*¹¹·⁰EFG.
2613 4429 2693 4483 16.
2722 4450 2801 4480 οτι
2836 4427 2938 4484 FG
2982 4427 3204 4498 syrisch.
3247 4427 3464 4482 Uebers.

462 4537 532 4592 ΙΙ
607 4534 651 4588 1.
699 4531 803 4587 illa
845 4546 985 4599 quae
1020 4546 1089 4584 ex
1121 4531 1279 4586 nobis
1313 4538 1365 4586 et
1409 4532 1569 4587 uobis
1620 4538 1700 4588 est
1745 4533 1978 4587 caritate
2011 4532 2394 4588 Ambrofflasts
2437 4531 2527 4587 dic
2574 4532 2841 4587 romische
2877 4531 3136 4603 Ausgabe
3178 4532 3278 4586 hat
3329 4531 3432 4586 {lla
3483 4545 3621 4600 quae
3673 4546 3743 4586 eat
3776 4530 3934 4586 uobis
3975 4532 4037 4586 in
4082 4547 4184 4586 nos
4222 4539 4319 4600 est,

596 4619 843 4675 mehr-ete
869 4614 1293 4670 Handschristen
1329 4633 1467 4685 quae
1503 4634 1574 4672 cx
1600 4618 1759 4673 uobis
1793 4620 1855 4673 in
1887 4619 2072 4688 nobis,·
2121 4618 2208 4675 die
2243 4619 2489 4675 offenbar
2523 4619 2816 4675 verderbte
2848 4618 3019 4674 Stelle
3069 4617 3144 4673 ist
3182 4617 3284 4673 auf
3312 4616 3505 4673 Grund
3547 4617 3642 4671 dee
3674 4614 3983 4687 Freisinger
4019 4616 4216 4671 Textes
4249 4635 4318 4672 zu

599 4704 930 4761 verbessern.
999 4703 1049 4755 4.
1084 4701 1377 4756 secundum
1411 4705 1702 4773 imperium
1738 4704 2095 4760 Ambrosiast.
2165 4708 2214 4759 5.
2246 4713 2480 4776 propter
2514 4705 2650 4760 ibid.
2683 4705 2792 4775 dg.
2863 4706 2911 4759 6.
2963 4711 3015 4759 et
3048 4704 3084 4758 d
3115 4702 3473 4759 Ambrosiast.
3545 4702 3594 4756 8.
3630 4703 3827 4758 bonum
3878 4703 4237 4773 comprobans
4272 4718 4317 4772 ς

595 4794 793 4848 bonum
828 4792 1071 4845 animum
1103 4787 1461 4857 comprobans
1497 4788 1854 4844 Ambrosiast.
1900 4792 2175 4861 inqenium
2217 4793 2459 4862 probans
2504 4792 2557 4847 d.
2641 4793 2721 4846 11.
2755 4808 2978 4863 pauper
3013 4791 3105 4860 dg
3150 4790 3420 4855 Ambros„
3470 4787 3714 4854 Paulin„
3758 4787 4018 4854 Cassiod„
4069 4788 4232 4843 Auct.
4263 4790 4314 4845 d.

596 4877 862 4949 promise„
888 4873 1265 4938 Ambroffiaat„
1290 4871 1473 4928 Sedul.
1548 4874 1626 4928 12.
1662 4881 1726 4930 ut
1758 4878 1820 4931 in
1852 4876 2006 4933 illius
2033 4885 2369 4949 paupertate
2408 4886 2432 4934 t
2464 4880 2662 4949 inopia
2695 4895 2797 4934 uos
2833 4877 3150 4932 ditaremini
3187 4883 3209 4933 t
3243 4877 3444 4930 diuites
3466 4876 3652 4930 essetis
3678 4889 3722 4943 g·
3759 4880 3822 4929 ut
3844 4876 3960 4929 eius
3989 4882 4320 4944 paupertate

598 4981 700 5020 nos
732 4963 1039 5018 ditaremur
1074 4960 1236 5015 Auct.
1272 4959 1339 5014 de
1374 4959 1618 5030 promise.
1675 4968 1738 5016 ut
1776 4963 1932 5017 silius
1964 4972 2295 5035 paupertate
2342 4981 2444 5021 uos
2483 4965 2686 5021 diuites
2733 4967 2919 5020 essetis
2958 4963 3241 5035 Fulgent„
3276 4959 3513 5017 Cassiod.
3574 4967 3639 5015 ut
3689 4976 3791 5016 nos
3836 4976 3941 5015 sua
3986 4967 4320 5030 paupertate

600 5049 806 5105 ditaret
837 5049 948 5104 Leo
978 5047 1183 5119 Mag-n„
1218 5044 1434 5101 Paulin.
1508 5046 1588 5100 16.
1620 5049 1753 5116 quia
1771 5062 1816 5116 ς
1836 5048 2087 5105 Ambros.
2156 5051 2238 5106 20.
2275 5058 2457 5107 autem
2486 5066 2545 5120 g.
2614 5052 2698 5105 26.
2733 5052 2952 5107 animus
2988 5049 3040 5104 d.
3106 5049 3191 5103 28.
3223 5048 3573 5119 acceptabilis
3595 5044 3948 5101 Ambrosiast.
3988 5046 4321 5116 acceptabile

600 5134 855 5204 cyprian.

466 5241 524 5297 (2
601 5239 650 5293 7.
687 5236 879 5308 Einige
915 5236 1343 5293 Handschristen
1377 5237 1627 5293 schalten
1660 5255 1759 5293 vor
1794 5241 2135 5295 carissimum
2168 5241 2310 5296 noch
2339 5243 2616 5313 inqenium
2646 5239 2750 5296 ein.
2788 5269 2853 5280 -
2906 5240 2990 5294 10.
3037 5238 3156 5307 vgl.
3203 5238 3273 5292 de
3311 5235 3461 5292 civit.
3505 5236 3598 5292 dei
3651 5237 3731 5301 17,
3766 5237 3826 5302 4,
3883 5252 3965 5290 wo
4007 5235 4095 5291 die
4146 5235 4319 5292 Stella

600 5323 765 5379 freier
799 5339 858 5377 so
893 5322 1048 5377 citirt
1080 5322 1155 5377 ist
1189 5325 1286 5394 qui
1313 5331 1550 5395 propter
1585 5341 1687 5380 nos
1715 5342 1938 5396 pauper
1975 5327 2170 5396 sactus
2204 5333 2308 5394 cst,
2363 5344 2485 5383 cum
2519 5327 2676 5383 diues
2710 5333 2875 5394 esset,
2927 5332 2992 5381 ut
3025 5327 3142 5380 eius
3188 5329 3521 5394 paupertate
3556 5320 3859 5377 ditaremur
3868 5342 3889 5390 ,·
3937 5322 4134 5378 ebenso
4168 5322 4319 5379 lesen

598 5398 704 5465 wir
733 5426 890 5464 serm.
921 5408 1114 5465 incdit.
1147 5409 1239 5464 bei
1273 5409 1444 5481 Mign.
1482 5411 1542 5466 B.
1576 5411 1645 5466 46
1681 5412 1733 5467 S.
1773 5410 1901 5478 8713
1935 5430 2044 5467 nur
2077 5410 2152 5467 ist
2187 5412 2307 5468 hier
2341 5430 2441 5468 vor
2476 5413 2780 5469 ditaremur
2813 5412 2955 5468 noch
2987 5427 3090 5467 nos
3124 5409 3429 5481 cingefflgt.

464 5570 535 5624 ιι
606 5567 654 5622 1.
696 5565 797 5636 [et]
832 5534 1060 5634 insuper
1093 5566 1326 5620 caritate
1358 5565 1442 5623 fu.
1511 5567 1596 5623 26.
1634 5572 1714 5622 est
1746 5564 1821 5619 ist
1856 5582 1964 5620 von
2001 5567 2249 5637 :paterer
2282 5565 2446 5621 Hand
2477 5565 2562 5620 tn.

2140 5670 2174 5724 2
2211 5670 2330 5726 cor.
2362 5669 2412 5734 s,
2449 5669 2633 5723 7-12,

3890 5784 3997 5840 13·
