<?xml version="1.0" encoding="UTF-8"?>
<!DOCTYPE html PUBLIC "-//W3C//DTD XHTML 1.0 Transitional//EN"
    "http://www.w3.org/TR/xhtml1/DTD/xhtml1-transitional.dtd">
<html xmlns="http://www.w3.org/1999/xhtml" xml:lang="en" lang="en">
 <head>
  <title>
</title>
<meta http-equiv="Content-Type" content="text/html;charset=utf-8" />
  <meta name='ocr-system' content='tesseract 3.04.00' />
  <meta name='ocr-capabilities' content='ocr_page ocr_carea ocr_par ocr_line ocrx_word'/>
</head>
<body>
  <div class='ocr_page' id='page_1' title='image "./italafragmented01zieggoog_0087.png"; bbox 0 0 5117 6800; ppageno 0'>
   <div class='ocr_carea' id='block_1_1' title="bbox 832 957 925 1026">
    <p class='ocr_par' dir='ltr' id='par_1_1' title="bbox 832 957 925 1026">
     <span class='ocr_line' id='line_1_1' title="bbox 832 957 925 1026; baseline 0 0"><span class='ocrx_word' id='word_1_1' title='bbox 832 957 925 1026; x_wconf 73' lang='lat' dir='ltr'>A</span> 
     </span>
    </p>
   </div>
   <div class='ocr_carea' id='block_1_2' title="bbox 425 1088 1319 3923">
    <p class='ocr_par' dir='ltr' id='par_1_2' title="bbox 437 1088 1319 1490">
     <span class='ocr_line' id='line_1_2' title="bbox 437 1088 1314 1171; baseline -0.003 -20"><span class='ocrx_word' id='word_1_2' title='bbox 437 1111 690 1171; x_wconf 84' lang='grc' dir='ltr'><strong><em>μωριαν</em></strong></span> <span class='ocrx_word' id='word_1_3' title='bbox 736 1090 793 1129; x_wconf 83' lang='lat'><strong>²⁴</strong></span> <span class='ocrx_word' id='word_1_4' title='bbox 804 1109 1030 1151; x_wconf 83' lang='grc' dir='ltr'><strong><em>αυτοισ</em></strong></span> <span class='ocrx_word' id='word_1_5' title='bbox 1059 1088 1135 1151; x_wconf 84' lang='grc' dir='ltr'><strong>δε</strong></span> <span class='ocrx_word' id='word_1_6' title='bbox 1174 1110 1314 1151; x_wconf 81' lang='grc' dir='ltr'><strong><em>τοισ</em></strong></span> 
     </span>
     <span class='ocr_line' id='line_1_3' title="bbox 440 1195 1319 1278; baseline -0.001 -20"><span class='ocrx_word' id='word_1_7' title='bbox 440 1195 701 1278; x_wconf 83' lang='grc' dir='ltr'><strong><em>κλητοισ</em></strong></span> <span class='ocrx_word' id='word_1_8' title='bbox 744 1195 1059 1258; x_wconf 78' lang='grc' dir='ltr'><strong><em>ιουδαιοισ</em></strong></span> <span class='ocrx_word' id='word_1_9' title='bbox 1098 1216 1172 1256; x_wconf 78' lang='grc' dir='ltr'><strong>τε</strong></span> <span class='ocrx_word' id='word_1_10' title='bbox 1209 1216 1319 1257; x_wconf 82' lang='grc' dir='ltr'><strong>και</strong></span> 
     </span>
     <span class='ocr_line' id='line_1_4' title="bbox 442 1299 1318 1382; baseline -0.003 -18"><span class='ocrx_word' id='word_1_11' title='bbox 442 1300 698 1382; x_wconf 79' lang='grc' dir='ltr'><strong><em>ελλησιν</em></strong></span> <span class='ocrx_word' id='word_1_12' title='bbox 762 1323 844 1382; x_wconf 86' lang='grc' dir='ltr'><strong>χν</strong></span> <span class='ocrx_word' id='word_1_13' title='bbox 898 1304 993 1363; x_wconf 58' lang='lat' dir='ltr'><strong>&amp;v</strong></span> <span class='ocrx_word' id='word_1_14' title='bbox 1037 1299 1318 1379; x_wconf 78' lang='grc' dir='ltr'><strong><em>δυναμιν</em></strong></span> 
     </span>
     <span class='ocr_line' id='line_1_5' title="bbox 440 1413 970 1490; baseline -0.004 -20"><span class='ocrx_word' id='word_1_15' title='bbox 440 1431 549 1470; x_wconf 81' lang='grc' dir='ltr'><strong>και</strong></span> <span class='ocrx_word' id='word_1_16' title='bbox 588 1413 686 1471; x_wconf 69' lang='grc' dir='ltr'><strong>θυ</strong></span> <span class='ocrx_word' id='word_1_17' title='bbox 733 1428 970 1490; x_wconf 78' lang='grc' dir='ltr'><strong><em>σοφιαν</em></strong></span> 
     </span>
    </p>

    <p class='ocr_par' dir='ltr' id='par_1_3' title="bbox 439 1513 1318 2016">
     <span class='ocr_line' id='line_1_6' title="bbox 446 1513 1316 1593; baseline -0.006 -16"><span class='ocrx_word' id='word_1_18' title='bbox 446 1514 504 1553; x_wconf 75' lang='lat'><strong>²⁶</strong></span> <span class='ocrx_word' id='word_1_19' title='bbox 517 1537 614 1577; x_wconf 85' lang='grc' dir='ltr'><strong>οτι</strong></span> <span class='ocrx_word' id='word_1_20' title='bbox 669 1536 747 1575; x_wconf 81' lang='grc' dir='ltr'><strong>το</strong></span> <span class='ocrx_word' id='word_1_21' title='bbox 793 1533 1011 1593; x_wconf 78' lang='grc' dir='ltr'><em>μωρον</em></span> <span class='ocrx_word' id='word_1_22' title='bbox 1062 1532 1177 1573; x_wconf 83' lang='grc' dir='ltr'><strong>του</strong></span> <span class='ocrx_word' id='word_1_23' title='bbox 1221 1513 1316 1572; x_wconf 67' lang='grc' dir='ltr'><strong>ἂν</strong></span> 
     </span>
     <span class='ocr_line' id='line_1_7' title="bbox 445 1619 1318 1702; baseline -0.008 -19"><span class='ocrx_word' id='word_1_24' title='bbox 445 1641 817 1702; x_wconf 79' lang='grc' dir='ltr'><strong><em>σοφωτερον</em></strong></span> <span class='ocrx_word' id='word_1_25' title='bbox 870 1639 1001 1679; x_wconf 80' lang='grc' dir='ltr'><strong>των</strong></span> <span class='ocrx_word' id='word_1_26' title='bbox 1059 1619 1318 1696; x_wconf 64' lang='lat' dir='ltr'><strong>etv-99⁶2·</strong></span> 
     </span>
     <span class='ocr_line' id='line_1_8' title="bbox 443 1725 1316 1787; baseline -0.003 0"><span class='ocrx_word' id='word_1_27' title='bbox 443 1747 589 1787; x_wconf 82' lang='grc' dir='ltr'><strong>πων</strong></span> <span class='ocrx_word' id='word_1_28' title='bbox 631 1747 809 1787; x_wconf 79' lang='grc' dir='ltr'><strong><em>εστιν</em></strong></span> <span class='ocrx_word' id='word_1_29' title='bbox 853 1747 961 1786; x_wconf 83' lang='grc' dir='ltr'><strong>και</strong></span> <span class='ocrx_word' id='word_1_30' title='bbox 999 1745 1076 1786; x_wconf 82' lang='grc' dir='ltr'><strong>το</strong></span> <span class='ocrx_word' id='word_1_31' title='bbox 1107 1725 1316 1785; x_wconf 74' lang='grc' dir='ltr'><strong><em>ασθε-</em></strong></span> 
     </span>
     <span class='ocr_line' id='line_1_9' title="bbox 439 1834 1315 1909; baseline -0.007 -14"><span class='ocrx_word' id='word_1_32' title='bbox 439 1851 557 1895; x_wconf 84' lang='grc' dir='ltr'><strong>νεσ</strong></span> <span class='ocrx_word' id='word_1_33' title='bbox 598 1852 715 1894; x_wconf 83' lang='grc' dir='ltr'><strong>του</strong></span> <span class='ocrx_word' id='word_1_34' title='bbox 755 1834 853 1893; x_wconf 61' lang='lat' dir='ltr'><strong>&amp;v</strong></span> <span class='ocrx_word' id='word_1_35' title='bbox 905 1850 1315 1909; x_wconf 81' lang='grc' dir='ltr'><strong><em>ισχυροτερον</em></strong></span> 
     </span>
     <span class='ocr_line' id='line_1_10' title="bbox 441 1940 998 2016; baseline -0.005 -17"><span class='ocrx_word' id='word_1_36' title='bbox 441 1959 573 1999; x_wconf 79' lang='grc' dir='ltr'><strong>των</strong></span> <span class='ocrx_word' id='word_1_37' title='bbox 617 1940 998 2016; x_wconf 69' lang='grc' dir='ltr'><strong><em>ανθρωπων</em></strong></span> 
     </span>
    </p>

    <p class='ocr_par' dir='ltr' id='par_1_4' title="bbox 437 2038 1315 2546">
     <span class='ocr_line' id='line_1_11' title="bbox 445 2038 1315 2124; baseline -0.002 -19"><span class='ocrx_word' id='word_1_38' title='bbox 445 2044 502 2083; x_wconf 76' lang='lat'><strong>⁸⁶</strong></span> <span class='ocrx_word' id='word_1_39' title='bbox 513 2043 795 2124; x_wconf 80' lang='grc' dir='ltr'><strong><em>βλεπετε</em></strong></span> <span class='ocrx_word' id='word_1_40' title='bbox 835 2062 955 2122; x_wconf 82' lang='grc' dir='ltr'><strong>γαρ</strong></span> <span class='ocrx_word' id='word_1_41' title='bbox 1010 2062 1129 2122; x_wconf 83' lang='grc' dir='ltr'><strong>την</strong></span> <span class='ocrx_word' id='word_1_42' title='bbox 1171 2038 1315 2121; x_wconf 78' lang='grc' dir='ltr'><strong><em>κλη-</em></strong></span> 
     </span>
     <span class='ocr_line' id='line_1_12' title="bbox 443 2146 1313 2228; baseline -0.005 -16"><span class='ocrx_word' id='word_1_43' title='bbox 443 2170 544 2212; x_wconf 79' lang='grc' dir='ltr'><strong>σιν</strong></span> <span class='ocrx_word' id='word_1_44' title='bbox 583 2169 765 2227; x_wconf 82' lang='grc' dir='ltr'>υμων</span> <span class='ocrx_word' id='word_1_45' title='bbox 788 2146 1067 2228; x_wconf 79' lang='grc' dir='ltr'><strong><em>αδελφοι</em></strong></span> <span class='ocrx_word' id='word_1_46' title='bbox 1097 2169 1197 2209; x_wconf 83' lang='grc' dir='ltr'><strong>οτι</strong></span> <span class='ocrx_word' id='word_1_47' title='bbox 1237 2169 1313 2209; x_wconf 86' lang='grc' dir='ltr'><strong>ου</strong></span> 
     </span>
     <span class='ocr_line' id='line_1_13' title="bbox 439 2253 1314 2337; baseline -0.003 -20"><span class='ocrx_word' id='word_1_48' title='bbox 439 2253 668 2317; x_wconf 81' lang='grc' dir='ltr'><em>πολλοι</em></span> <span class='ocrx_word' id='word_1_49' title='bbox 694 2275 883 2337; x_wconf 82' lang='grc' dir='ltr'><strong><em>σοφοι</em></strong></span> <span class='ocrx_word' id='word_1_50' title='bbox 914 2275 1083 2314; x_wconf 83' lang='grc' dir='ltr'><strong><em>κατα</em></strong></span> <span class='ocrx_word' id='word_1_51' title='bbox 1107 2274 1314 2334; x_wconf 83' lang='grc' dir='ltr'><strong><em>σαρκα</em></strong></span> 
     </span>
     <span class='ocr_line' id='line_1_14' title="bbox 441 2358 1312 2423; baseline -0.005 0"><span class='ocrx_word' id='word_1_52' title='bbox 441 2382 516 2423; x_wconf 87' lang='grc' dir='ltr'><strong>ου</strong></span> <span class='ocrx_word' id='word_1_53' title='bbox 582 2358 811 2423; x_wconf 79' lang='grc' dir='ltr'><strong><em>πολλοι</em></strong></span> <span class='ocrx_word' id='word_1_54' title='bbox 883 2359 1084 2421; x_wconf 78' lang='grc' dir='ltr'><strong><em>δυνατ</em></strong></span> <span class='ocrx_word' id='word_1_55' title='bbox 1094 2381 1153 2422; x_wconf 82' lang='grc' dir='ltr'><strong>οι</strong></span> <span class='ocrx_word' id='word_1_56' title='bbox 1234 2380 1312 2419; x_wconf 87' lang='grc' dir='ltr'><strong>ου</strong></span> 
     </span>
     <span class='ocr_line' id='line_1_15' title="bbox 437 2466 989 2546; baseline -0.004 -17"><span class='ocrx_word' id='word_1_57' title='bbox 437 2466 665 2529; x_wconf 83' lang='grc' dir='ltr'><em>πολλοι</em></span> <span class='ocrx_word' id='word_1_58' title='bbox 706 2486 989 2546; x_wconf 81' lang='grc' dir='ltr'><strong><em>ευγενεισ</em></strong></span> 
     </span>
    </p>

    <p class='ocr_par' dir='ltr' id='par_1_5' title="bbox 425 2571 1311 3923">
     <span class='ocr_line' id='line_1_16' title="bbox 441 2571 1311 2651; baseline -0.005 -16"><span class='ocrx_word' id='word_1_59' title='bbox 441 2574 498 2612; x_wconf 77' lang='lat'><strong>²⁷</strong></span> <span class='ocrx_word' id='word_1_60' title='bbox 512 2571 679 2635; x_wconf 79' lang='grc' dir='ltr'><em>αλλα</em></span> <span class='ocrx_word' id='word_1_61' title='bbox 764 2593 849 2632; x_wconf 81' lang='grc' dir='ltr'><strong>τα</strong></span> <span class='ocrx_word' id='word_1_62' title='bbox 924 2591 1114 2651; x_wconf 83' lang='grc' dir='ltr'><strong><em>μωρα</em></strong></span> <span class='ocrx_word' id='word_1_63' title='bbox 1195 2590 1311 2631; x_wconf 81' lang='grc' dir='ltr'><strong>του</strong></span> 
     </span>
     <span class='ocr_line' id='line_1_17' title="bbox 425 2676 1310 2758; baseline -0.005 -17"><span class='ocrx_word' id='word_1_64' title='bbox 425 2698 682 2758; x_wconf 79' lang='grc' dir='ltr'><strong><em>,κοσμου</em></strong></span> <span class='ocrx_word' id='word_1_65' title='bbox 738 2676 1079 2751; x_wconf 72' lang='grc' dir='ltr'><strong>εξελεξιιτο</strong></span> <span class='ocrx_word' id='word_1_66' title='bbox 1134 2698 1170 2737; x_wconf 89' lang='grc' dir='ltr'><strong><em>ο</em></strong></span> <span class='ocrx_word' id='word_1_67' title='bbox 1210 2678 1310 2737; x_wconf 75' lang='grc' dir='ltr'><strong>θσ</strong></span> 
     </span>
     <span class='ocr_line' id='line_1_18' title="bbox 434 2799 1309 2864; baseline -0.005 -17"><span class='ocrx_word' id='word_1_68' title='bbox 434 2806 542 2847; x_wconf 81' lang='grc' dir='ltr'><strong>ινα</strong></span> <span class='ocrx_word' id='word_1_69' title='bbox 641 2803 1038 2864; x_wconf 76' lang='grc' dir='ltr'><strong><em>καταισχυνη</em></strong></span> <span class='ocrx_word' id='word_1_70' title='bbox 1150 2799 1309 2843; x_wconf 61' lang='lat' dir='ltr'><strong>‘cover</strong></span> 
     </span>
     <span class='ocr_line' id='line_1_19' title="bbox 439 2888 1310 2970; baseline -0.007 -18"><span class='ocrx_word' id='word_1_71' title='bbox 439 2908 688 2970; x_wconf 84' lang='grc' dir='ltr'><strong><em>σοφουσ</em></strong></span> <span class='ocrx_word' id='word_1_72' title='bbox 744 2909 852 2949; x_wconf 86' lang='grc' dir='ltr'><strong>και</strong></span> <span class='ocrx_word' id='word_1_73' title='bbox 900 2908 986 2947; x_wconf 82' lang='grc' dir='ltr'><strong>τα</strong></span> <span class='ocrx_word' id='word_1_74' title='bbox 1051 2888 1310 2968; x_wconf 73' lang='grc' dir='ltr'><strong><em>ασθενη</em></strong></span> 
     </span>
     <span class='ocr_line' id='line_1_20' title="bbox 432 2991 1310 3074; baseline -0.002 -19"><span class='ocrx_word' id='word_1_75' title='bbox 432 3015 550 3057; x_wconf 83' lang='grc' dir='ltr'><strong>του</strong></span> <span class='ocrx_word' id='word_1_76' title='bbox 590 3014 835 3074; x_wconf 82' lang='grc' dir='ltr'><strong><em>κοσμου</em></strong></span> <span class='ocrx_word' id='word_1_77' title='bbox 892 2991 1233 3067; x_wconf 78' lang='grc' dir='ltr'><strong><em>εξελεξατο</em></strong></span> <span class='ocrx_word' id='word_1_78' title='bbox 1275 3013 1310 3053; x_wconf 93' lang='grc' dir='ltr'><strong><em>ο</em></strong></span> 
     </span>
     <span class='ocr_line' id='line_1_21' title="bbox 432 3103 1311 3180; baseline -0.006 -17"><span class='ocrx_word' id='word_1_79' title='bbox 432 3103 532 3163; x_wconf 71' lang='grc' dir='ltr'><strong>θσ</strong></span> <span class='ocrx_word' id='word_1_80' title='bbox 592 3122 701 3162; x_wconf 82' lang='grc' dir='ltr'><strong>ινα</strong></span> <span class='ocrx_word' id='word_1_81' title='bbox 767 3118 1164 3180; x_wconf 82' lang='grc' dir='ltr'><strong><em>καταισχυνη</em></strong></span> <span class='ocrx_word' id='word_1_82' title='bbox 1222 3119 1311 3158; x_wconf 81' lang='grc' dir='ltr'><strong>τα</strong></span> 
     </span>
     <span class='ocr_line' id='line_1_22' title="bbox 432 3204 1309 3285; baseline -0.005 -17"><span class='ocrx_word' id='word_1_83' title='bbox 432 3222 669 3285; x_wconf 81' lang='grc' dir='ltr'><strong><em>ισχυρα</em></strong></span> <span class='ocrx_word' id='word_1_84' title='bbox 742 3204 799 3244; x_wconf 73' lang='lat'><strong>²⁸</strong></span> <span class='ocrx_word' id='word_1_85' title='bbox 812 3226 922 3266; x_wconf 80' lang='lat' dir='ltr'><strong>xm</strong></span> <span class='ocrx_word' id='word_1_86' title='bbox 975 3226 1063 3266; x_wconf 81' lang='grc' dir='ltr'><strong>τα</strong></span> <span class='ocrx_word' id='word_1_87' title='bbox 1114 3224 1309 3283; x_wconf 79' lang='grc' dir='ltr'><strong><em>αγενη</em></strong></span> 
     </span>
     <span class='ocr_line' id='line_1_23' title="bbox 430 3311 1308 3393; baseline -0.005 -20"><span class='ocrx_word' id='word_1_88' title='bbox 430 3334 548 3374; x_wconf 80' lang='grc' dir='ltr'><strong>του</strong></span> <span class='ocrx_word' id='word_1_89' title='bbox 587 3332 835 3393; x_wconf 83' lang='grc' dir='ltr'><strong><em>κοσμου</em></strong></span> <span class='ocrx_word' id='word_1_90' title='bbox 874 3332 983 3373; x_wconf 84' lang='grc' dir='ltr'><strong>και</strong></span> <span class='ocrx_word' id='word_1_91' title='bbox 1004 3331 1090 3372; x_wconf 83' lang='grc' dir='ltr'><strong>τα</strong></span> <span class='ocrx_word' id='word_1_92' title='bbox 1132 3311 1308 3384; x_wconf 81' lang='grc' dir='ltr'><strong><em>εξου-</em></strong></span> 
     </span>
     <span class='ocr_line' id='line_1_24' title="bbox 430 3417 1310 3500; baseline -0.005 -19"><span class='ocrx_word' id='word_1_93' title='bbox 430 3422 772 3500; x_wconf 73' lang='grc' dir='ltr'><strong><em>θενημενα</em></strong></span> <span class='ocrx_word' id='word_1_94' title='bbox 851 3417 1193 3492; x_wconf 78' lang='grc' dir='ltr'><strong><em>εξελεξατο</em></strong></span> <span class='ocrx_word' id='word_1_95' title='bbox 1275 3437 1310 3477; x_wconf 92' lang='grc' dir='ltr'><strong><em>ο</em></strong></span> 
     </span>
     <span class='ocr_line' id='line_1_25' title="bbox 430 3528 1311 3606; baseline -0.005 -19"><span class='ocrx_word' id='word_1_96' title='bbox 430 3528 529 3587; x_wconf 75' lang='grc' dir='ltr'><strong>θσ</strong></span> <span class='ocrx_word' id='word_1_97' title='bbox 551 3546 658 3586; x_wconf 79' lang='grc' dir='ltr'><strong>και</strong></span> <span class='ocrx_word' id='word_1_98' title='bbox 681 3546 766 3585; x_wconf 83' lang='grc' dir='ltr'><strong>τα</strong></span> <span class='ocrx_word' id='word_1_99' title='bbox 786 3545 876 3606; x_wconf 87' lang='grc' dir='ltr'><strong>μη</strong></span> <span class='ocrx_word' id='word_1_100' title='bbox 904 3543 1066 3584; x_wconf 81' lang='grc' dir='ltr'><strong><em>οντα</em></strong></span> <span class='ocrx_word' id='word_1_101' title='bbox 1087 3543 1196 3584; x_wconf 85' lang='grc' dir='ltr'><strong>ινα</strong></span> <span class='ocrx_word' id='word_1_102' title='bbox 1225 3543 1311 3583; x_wconf 81' lang='grc' dir='ltr'><strong>τα</strong></span> 
     </span>
     <span class='ocr_line' id='line_1_26' title="bbox 429 3628 1302 3711; baseline -0.001 -19"><span class='ocrx_word' id='word_1_103' title='bbox 429 3651 590 3692; x_wconf 79' lang='grc' dir='ltr'><strong><em>οντα</em></strong></span> <span class='ocrx_word' id='word_1_104' title='bbox 626 3644 996 3711; x_wconf 79' lang='grc' dir='ltr'><strong><em>καταργηση</em></strong></span> <span class='ocrx_word' id='word_1_105' title='bbox 1042 3628 1100 3666; x_wconf 73' lang='lat'><strong>²⁹</strong></span> <span class='ocrx_word' id='word_1_106' title='bbox 1115 3649 1302 3691; x_wconf 88' lang='grc' dir='ltr'><em>οπωσ</em></span> 
     </span>
     <span class='ocr_line' id='line_1_27' title="bbox 426 3755 1309 3820; baseline -0.003 -22"><span class='ocrx_word' id='word_1_107' title='bbox 426 3758 518 3820; x_wconf 84' lang='grc' dir='ltr'><strong>μη</strong></span> <span class='ocrx_word' id='word_1_108' title='bbox 613 3755 1010 3817; x_wconf 81' lang='grc' dir='ltr'><strong><em>καυχησηται</em></strong></span> <span class='ocrx_word' id='word_1_109' title='bbox 1117 3755 1309 3796; x_wconf 83' lang='grc' dir='ltr'>πασα</span> 
     </span>
     <span class='ocr_line' id='line_1_28' title="bbox 431 3839 1308 3923; baseline -0.007 -17"><span class='ocrx_word' id='word_1_110' title='bbox 431 3845 593 3923; x_wconf 81' lang='grc' dir='ltr'><strong><em>σαρξ</em></strong></span> <span class='ocrx_word' id='word_1_111' title='bbox 617 3848 896 3904; x_wconf 72' lang='lat' dir='ltr'><strong>svamm·</strong></span> <span class='ocrx_word' id='word_1_112' title='bbox 916 3861 1033 3902; x_wconf 83' lang='grc' dir='ltr'><strong>του</strong></span> <span class='ocrx_word' id='word_1_113' title='bbox 1055 3842 1150 3902; x_wconf 58' lang='lat' dir='ltr'><strong>&amp;v</strong></span> <span class='ocrx_word' id='word_1_114' title='bbox 1175 3839 1308 3914; x_wconf 67' lang='grc' dir='ltr'><strong>1’θεξ</strong></span> 
     </span>
    </p>
   </div>
   <div class='ocr_carea' id='block_1_3' title="bbox 1446 1089 2325 1806">
    <p class='ocr_par' dir='ltr' id='par_1_6' title="bbox 1446 1089 2325 1806">
     <span class='ocr_line' id='line_1_29' title="bbox 1446 1089 2322 1167; baseline 0.001 -13"><span class='ocrx_word' id='word_1_115' title='bbox 1446 1089 1618 1154; x_wconf 88' lang='lat' dir='ltr'><strong>tibus</strong></span> <span class='ocrx_word' id='word_1_116' title='bbox 1681 1093 1898 1156; x_wconf 89' lang='lat' dir='ltr'><strong>autem</strong></span> <span class='ocrx_word' id='word_1_117' title='bbox 1970 1089 2322 1167; x_wconf 85' lang='lat' dir='ltr'><strong>stultitiam,</strong></span> 
     </span>
     <span class='ocr_line' id='line_1_30' title="bbox 1451 1195 2325 1278; baseline 0.001 -19"><span class='ocrx_word' id='word_1_118' title='bbox 1451 1196 1510 1235; x_wconf 72' lang='lat'><strong>²⁴</strong></span> <span class='ocrx_word' id='word_1_119' title='bbox 1525 1197 1673 1278; x_wconf 86' lang='lat' dir='ltr'><strong>ipsis</strong></span> <span class='ocrx_word' id='word_1_120' title='bbox 1720 1214 1876 1260; x_wconf 88' lang='lat' dir='ltr'><strong>uero</strong></span> <span class='ocrx_word' id='word_1_121' title='bbox 1927 1195 2168 1260; x_wconf 87' lang='lat' dir='ltr'><strong>uocatis</strong></span> <span class='ocrx_word' id='word_1_122' title='bbox 2222 1195 2325 1260; x_wconf 92' lang='lat' dir='ltr'><strong>Iu-</strong></span> 
     </span>
     <span class='ocr_line' id='line_1_31' title="bbox 1448 1300 2324 1366; baseline -0.001 -1"><span class='ocrx_word' id='word_1_123' title='bbox 1448 1301 1623 1365; x_wconf 85' lang='lat' dir='ltr'><strong>daeis</strong></span> <span class='ocrx_word' id='word_1_124' title='bbox 1639 1305 1705 1365; x_wconf 87' lang='lat' dir='ltr'><strong>et</strong></span> <span class='ocrx_word' id='word_1_125' title='bbox 1725 1301 1978 1366; x_wconf 87' lang='lat' dir='ltr'><strong>Graecis</strong></span> <span class='ocrx_word' id='word_1_126' title='bbox 2003 1300 2324 1366; x_wconf 86' lang='lat' dir='ltr'><strong>Christum</strong></span> 
     </span>
     <span class='ocr_line' id='line_1_32' title="bbox 1449 1406 2323 1472; baseline 0.003 -3"><span class='ocrx_word' id='word_1_127' title='bbox 1449 1406 1551 1470; x_wconf 91' lang='lat' dir='ltr'><strong>dei</strong></span> <span class='ocrx_word' id='word_1_128' title='bbox 1603 1407 1907 1471; x_wconf 87' lang='lat' dir='ltr'><strong>uirtutem</strong></span> <span class='ocrx_word' id='word_1_129' title='bbox 1964 1410 2031 1470; x_wconf 92' lang='lat' dir='ltr'><strong>et</strong></span> <span class='ocrx_word' id='word_1_130' title='bbox 2079 1406 2180 1471; x_wconf 91' lang='lat' dir='ltr'><strong>dei</strong></span> <span class='ocrx_word' id='word_1_131' title='bbox 2220 1426 2323 1472; x_wconf 87' lang='lat' dir='ltr'><strong>sa-</strong></span> 
     </span>
     <span class='ocr_line' id='line_1_33' title="bbox 1446 1512 2325 1596; baseline 0.002 -21"><span class='ocrx_word' id='word_1_132' title='bbox 1446 1512 1786 1594; x_wconf 84' lang='lat' dir='ltr'><strong>pientiam3</strong></span> <span class='ocrx_word' id='word_1_133' title='bbox 1861 1513 1919 1552; x_wconf 75' lang='lat'><strong>⁸⁶</strong></span> <span class='ocrx_word' id='word_1_134' title='bbox 1932 1514 2086 1596; x_wconf 85' lang='lat' dir='ltr'><strong>quia</strong></span> <span class='ocrx_word' id='word_1_135' title='bbox 2148 1512 2325 1596; x_wconf 86' lang='lat' dir='ltr'><strong>quod</strong></span> 
     </span>
     <span class='ocr_line' id='line_1_34' title="bbox 1447 1617 2325 1701; baseline 0 -19"><span class='ocrx_word' id='word_1_136' title='bbox 1447 1617 1713 1682; x_wconf 87' lang='lat' dir='ltr'><strong>stultum</strong></span> <span class='ocrx_word' id='word_1_137' title='bbox 1729 1620 1824 1681; x_wconf 64' lang='lat' dir='ltr'><strong>ast</strong></span> <span class='ocrx_word' id='word_1_138' title='bbox 1839 1619 1959 1697; x_wconf 91' lang='lat' dir='ltr'><strong>dei,</strong></span> <span class='ocrx_word' id='word_1_139' title='bbox 1980 1619 2325 1701; x_wconf 85' lang='lat' dir='ltr'><strong>sapientius</strong></span> 
     </span>
     <span class='ocr_line' id='line_1_35' title="bbox 1448 1724 2325 1806; baseline 0.002 -19"><span class='ocrx_word' id='word_1_140' title='bbox 1448 1726 1543 1787; x_wconf 58' lang='lat' dir='ltr'><strong>ast</strong></span> <span class='ocrx_word' id='word_1_141' title='bbox 1607 1742 1805 1806; x_wconf 88' lang='lat' dir='ltr'><strong>quam</strong></span> <span class='ocrx_word' id='word_1_142' title='bbox 1888 1724 2178 1789; x_wconf 90' lang='lat' dir='ltr'><strong>homines</strong></span> <span class='ocrx_word' id='word_1_143' title='bbox 2261 1728 2325 1789; x_wconf 86' lang='lat' dir='ltr'><strong>et</strong></span> 
     </span>
    </p>
   </div>
   <div class='ocr_carea' id='block_1_4' title="bbox 1448 1828 2323 1910">
    <p class='ocr_par' dir='ltr' id='par_1_7' title="bbox 1448 1828 2323 1910">
     <span class='ocr_line' id='line_1_36' title="bbox 1448 1828 2323 1910; baseline -0.001 -17"><span class='ocrx_word' id='word_1_144' title='bbox 1448 1829 1622 1910; x_wconf 86' lang='lat' dir='ltr'><strong>quod</strong></span> <span class='ocrx_word' id='word_1_145' title='bbox 1663 1828 1988 1894; x_wconf 86' lang='lat' dir='ltr'><strong>infirmum</strong></span> <span class='ocrx_word' id='word_1_146' title='bbox 2053 1833 2148 1893; x_wconf 87' lang='lat' dir='ltr'><strong>est</strong></span> <span class='ocrx_word' id='word_1_147' title='bbox 2203 1829 2323 1905; x_wconf 91' lang='lat' dir='ltr'><strong>dei,</strong></span> 
     </span>
    </p>
   </div>
   <div class='ocr_carea' id='block_1_5' title="bbox 1347 1933 2322 2018">
    <p class='ocr_par' dir='ltr' id='par_1_8' title="bbox 1347 1933 2322 2018">
     <span class='ocr_line' id='line_1_37' title="bbox 1347 1933 2322 2018; baseline -0.002 -19"><span class='ocrx_word' id='word_1_148' title='bbox 1347 1996 1352 1999; x_wconf 87' lang='lat'><strong>.</strong></span> <span class='ocrx_word' id='word_1_149' title='bbox 1446 1933 1668 1999; x_wconf 87' lang='lat' dir='ltr'><strong>fortius</strong></span> <span class='ocrx_word' id='word_1_150' title='bbox 1684 1938 1779 1999; x_wconf 63' lang='lat' dir='ltr'><strong>est</strong></span> <span class='ocrx_word' id='word_1_151' title='bbox 1798 1954 1996 2018; x_wconf 79' lang='lat' dir='ltr'><strong>quam</strong></span> <span class='ocrx_word' id='word_1_152' title='bbox 2011 1934 2322 1999; x_wconf 78' lang='lat' dir='ltr'><strong>homineS.</strong></span> 
     </span>
    </p>
   </div>
   <div class='ocr_carea' id='block_1_6' title="bbox 1443 2040 2324 3059">
    <p class='ocr_par' dir='ltr' id='par_1_9' title="bbox 1443 2040 2324 3059">
     <span class='ocr_line' id='line_1_38' title="bbox 1451 2040 2324 2106; baseline 0 -1"><span class='ocrx_word' id='word_1_153' title='bbox 1451 2041 1509 2079; x_wconf 57' lang='grc' dir='ltr'><strong>’ὅ</strong></span> <span class='ocrx_word' id='word_1_154' title='bbox 1521 2040 1748 2106; x_wconf 88' lang='lat' dir='ltr'><strong>Uidete</strong></span> <span class='ocrx_word' id='word_1_155' title='bbox 1811 2041 1982 2105; x_wconf 90' lang='lat' dir='ltr'><strong>enim</strong></span> <span class='ocrx_word' id='word_1_156' title='bbox 2040 2041 2324 2105; x_wconf 87' lang='lat' dir='ltr'><strong>uocatio-</strong></span> 
     </span>
     <span class='ocr_line' id='line_1_39' title="bbox 1444 2145 2320 2225; baseline 0.001 -15"><span class='ocrx_word' id='word_1_157' title='bbox 1444 2165 1599 2210; x_wconf 88' lang='lat' dir='ltr'><strong>nem</strong></span> <span class='ocrx_word' id='word_1_158' title='bbox 1679 2150 1959 2210; x_wconf 88' lang='lat' dir='ltr'><strong>uestram</strong></span> <span class='ocrx_word' id='word_1_159' title='bbox 1974 2194 1989 2223; x_wconf 93' lang='lat'><strong>,</strong></span> <span class='ocrx_word' id='word_1_160' title='bbox 2078 2145 2320 2225; x_wconf 59' lang='lat' dir='ltr'><strong>fratrea</strong></span> 
     </span>
     <span class='ocr_line' id='line_1_40' title="bbox 1444 2251 2323 2334; baseline 0.001 -18"><span class='ocrx_word' id='word_1_161' title='bbox 1444 2254 1598 2334; x_wconf 88' lang='lat' dir='ltr'><strong>quia</strong></span> <span class='ocrx_word' id='word_1_162' title='bbox 1617 2271 1749 2317; x_wconf 91' lang='lat' dir='ltr'><strong>non</strong></span> <span class='ocrx_word' id='word_1_163' title='bbox 1783 2251 1964 2316; x_wconf 86' lang='lat' dir='ltr'><strong>multi</strong></span> <span class='ocrx_word' id='word_1_164' title='bbox 2002 2252 2323 2334; x_wconf 87' lang='lat' dir='ltr'><strong>sapientes</strong></span> 
     </span>
     <span class='ocr_line' id='line_1_41' title="bbox 1443 2358 2321 2434; baseline 0.001 -12"><span class='ocrx_word' id='word_1_165' title='bbox 1443 2358 1800 2423; x_wconf 88' lang='lat' dir='ltr'><strong>secundum</strong></span> <span class='ocrx_word' id='word_1_166' title='bbox 1838 2376 2096 2422; x_wconf 82' lang='lat' dir='ltr'><strong>carnem</strong></span> <span class='ocrx_word' id='word_1_167' title='bbox 2115 2406 2129 2434; x_wconf 91' lang='lat'><strong>,</strong></span> <span class='ocrx_word' id='word_1_168' title='bbox 2189 2376 2321 2423; x_wconf 89' lang='lat' dir='ltr'><strong>non</strong></span> 
     </span>
     <span class='ocr_line' id='line_1_42' title="bbox 1447 2463 2319 2546; baseline 0 -19"><span class='ocrx_word' id='word_1_169' title='bbox 1447 2463 1630 2528; x_wconf 87' lang='lat' dir='ltr'><strong>multi</strong></span> <span class='ocrx_word' id='word_1_170' title='bbox 1650 2466 1960 2546; x_wconf 78' lang='lat' dir='ltr'><strong>potenteS‚</strong></span> <span class='ocrx_word' id='word_1_171' title='bbox 1984 2483 2117 2528; x_wconf 90' lang='lat' dir='ltr'><strong>non</strong></span> <span class='ocrx_word' id='word_1_172' title='bbox 2137 2464 2319 2529; x_wconf 85' lang='lat' dir='ltr'><strong>multi</strong></span> 
     </span>
     <span class='ocr_line' id='line_1_43' title="bbox 1443 2568 2321 2647; baseline 0.002 -14"><span class='ocrx_word' id='word_1_173' title='bbox 1443 2568 1704 2647; x_wconf 76' lang='lat' dir='ltr'><strong>nobileS,</strong></span> <span class='ocrx_word' id='word_1_174' title='bbox 1730 2569 1906 2633; x_wconf 74' lang='lat' dir='ltr'><strong>²⁷sed</strong></span> <span class='ocrx_word' id='word_1_175' title='bbox 1922 2570 2117 2635; x_wconf 83' lang='lat' dir='ltr'><strong>stulta</strong></span> <span class='ocrx_word' id='word_1_176' title='bbox 2131 2590 2321 2635; x_wconf 91' lang='lat' dir='ltr'><strong>mun-</strong></span> 
     </span>
     <span class='ocr_line' id='line_1_44' title="bbox 1446 2675 2320 2756; baseline 0.002 -17"><span class='ocrx_word' id='word_1_177' title='bbox 1446 2675 1510 2739; x_wconf 92' lang='lat' dir='ltr'><strong>di</strong></span> <span class='ocrx_word' id='word_1_178' title='bbox 1565 2676 1751 2756; x_wconf 85' lang='lat' dir='ltr'><strong>elegit</strong></span> <span class='ocrx_word' id='word_1_179' title='bbox 1805 2675 1991 2753; x_wconf 77' lang='lat' dir='ltr'><strong>deuS,</strong></span> <span class='ocrx_word' id='word_1_180' title='bbox 2045 2679 2118 2740; x_wconf 88' lang='lat' dir='ltr'><strong>ut</strong></span> <span class='ocrx_word' id='word_1_181' title='bbox 2168 2696 2320 2741; x_wconf 88' lang='lat' dir='ltr'><strong>con-</strong></span> 
     </span>
     <span class='ocr_line' id='line_1_45' title="bbox 1444 2782 2319 2865; baseline 0 -18"><span class='ocrx_word' id='word_1_182' title='bbox 1444 2782 1675 2848; x_wconf 86' lang='lat' dir='ltr'><strong>fundat</strong></span> <span class='ocrx_word' id='word_1_183' title='bbox 1714 2782 2030 2865; x_wconf 85' lang='lat' dir='ltr'><strong>sapientes</strong></span> <span class='ocrx_word' id='word_1_184' title='bbox 2043 2830 2059 2861; x_wconf 89' lang='lat'>‚</span> <span class='ocrx_word' id='word_1_185' title='bbox 2115 2787 2180 2847; x_wconf 85' lang='lat' dir='ltr'><strong>et</strong></span> <span class='ocrx_word' id='word_1_186' title='bbox 2223 2784 2319 2847; x_wconf 91' lang='lat' dir='ltr'><strong>in-</strong></span> 
     </span>
     <span class='ocr_line' id='line_1_46' title="bbox 1443 2888 2320 2971; baseline 0.002 -19"><span class='ocrx_word' id='word_1_187' title='bbox 1443 2888 1631 2952; x_wconf 88' lang='lat' dir='ltr'><strong>firma</strong></span> <span class='ocrx_word' id='word_1_188' title='bbox 1661 2889 1884 2953; x_wconf 90' lang='lat' dir='ltr'><strong>mundi</strong></span> <span class='ocrx_word' id='word_1_189' title='bbox 1928 2889 2113 2971; x_wconf 86' lang='lat' dir='ltr'><strong>elegit</strong></span> <span class='ocrx_word' id='word_1_190' title='bbox 2145 2890 2320 2968; x_wconf 74' lang='lat' dir='ltr'><strong>deu5,</strong></span> 
     </span>
     <span class='ocr_line' id='line_1_47' title="bbox 1443 2995 2107 3059; baseline 0.002 -1"><span class='ocrx_word' id='word_1_191' title='bbox 1443 2997 1515 3058; x_wconf 87' lang='lat' dir='ltr'><strong>ut</strong></span> <span class='ocrx_word' id='word_1_192' title='bbox 1559 2995 1914 3059; x_wconf 79' lang='lat' dir='ltr'><strong>confundat</strong></span> <span class='ocrx_word' id='word_1_193' title='bbox 1957 2995 1991 3033; x_wconf 79' lang='lat'><strong>’⁸‘</strong></span> <span class='ocrx_word' id='word_1_194' title='bbox 2012 2996 2047 3034; x_wconf 83' lang='lat'><strong>’¹‘</strong></span> <span class='ocrx_word' id='word_1_195' title='bbox 2072 2995 2107 3033; x_wconf 88' lang='grc'><strong>*</strong></span> 
     </span>
    </p>
   </div>
   <div class='ocr_carea' id='block_1_7' title="bbox 1436 3307 2319 3924">
    <p class='ocr_par' dir='ltr' id='par_1_10' title="bbox 1436 3307 2319 3924">
     <span class='ocr_line' id='line_1_48' title="bbox 1441 3307 2317 3393; baseline 0.005 -21"><span class='ocrx_word' id='word_1_196' title='bbox 1441 3307 1477 3348; x_wconf 81' lang='lat'><strong>&#39;⁸‘</strong></span> <span class='ocrx_word' id='word_1_197' title='bbox 1508 3309 1543 3347; x_wconf 83' lang='lat'><strong>’¹‘</strong></span> <span class='ocrx_word' id='word_1_198' title='bbox 1575 3309 1610 3348; x_wconf 85' lang='grc'>*</span> <span class='ocrx_word' id='word_1_199' title='bbox 1638 3310 2081 3375; x_wconf 71' lang='lat' dir='ltr'><strong>contemtibilia</strong></span> <span class='ocrx_word' id='word_1_200' title='bbox 2134 3310 2317 3393; x_wconf 81' lang='lat' dir='ltr'><strong>elegit</strong></span> 
     </span>
     <span class='ocr_line' id='line_1_49' title="bbox 1442 3415 2317 3500; baseline 0.007 -21"><span class='ocrx_word' id='word_1_201' title='bbox 1442 3415 1599 3479; x_wconf 90' lang='lat' dir='ltr'><strong>deus</strong></span> <span class='ocrx_word' id='word_1_202' title='bbox 1620 3420 1685 3480; x_wconf 87' lang='lat' dir='ltr'><strong>et</strong></span> <span class='ocrx_word' id='word_1_203' title='bbox 1704 3435 1782 3481; x_wconf 88' lang='lat' dir='ltr'><strong>ea</strong></span> <span class='ocrx_word' id='word_1_204' title='bbox 1811 3435 1974 3498; x_wconf 82' lang='lat' dir='ltr'><strong>quae</strong></span> <span class='ocrx_word' id='word_1_205' title='bbox 1997 3437 2126 3482; x_wconf 79' lang='lat' dir='ltr'><strong>non</strong></span> <span class='ocrx_word' id='word_1_206' title='bbox 2146 3425 2317 3500; x_wconf 80' lang='lat' dir='ltr'><strong>sunt,</strong></span> 
     </span>
     <span class='ocr_line' id='line_1_50' title="bbox 1439 3524 2319 3605; baseline 0.005 -20"><span class='ocrx_word' id='word_1_207' title='bbox 1439 3524 1778 3604; x_wconf 83' lang='lat' dir='ltr'><strong>tamquam</strong></span> <span class='ocrx_word' id='word_1_208' title='bbox 1820 3541 1988 3604; x_wconf 88' lang='lat' dir='ltr'><strong>quae</strong></span> <span class='ocrx_word' id='word_1_209' title='bbox 2038 3524 2193 3605; x_wconf 87' lang='lat' dir='ltr'><strong>sint,</strong></span> <span class='ocrx_word' id='word_1_210' title='bbox 2245 3528 2319 3591; x_wconf 89' lang='lat' dir='ltr'><strong>ut</strong></span> 
     </span>
     <span class='ocr_line' id='line_1_51' title="bbox 1439 3631 2316 3709; baseline 0.006 -18"><span class='ocrx_word' id='word_1_211' title='bbox 1439 3646 1607 3708; x_wconf 86' lang='lat' dir='ltr'><strong>quae</strong></span> <span class='ocrx_word' id='word_1_212' title='bbox 1650 3634 1804 3692; x_wconf 76' lang='lat' dir='ltr'><strong>sunt</strong></span> <span class='ocrx_word' id='word_1_213' title='bbox 1831 3633 2120 3709; x_wconf 88' lang='lat' dir='ltr'><strong>euacuet,</strong></span> <span class='ocrx_word' id='word_1_214' title='bbox 2171 3631 2228 3670; x_wconf 76' lang='lat'><strong>²⁹</strong></span> <span class='ocrx_word' id='word_1_215' title='bbox 2242 3634 2316 3696; x_wconf 85' lang='lat' dir='ltr'><strong>ut</strong></span> 
     </span>
     <span class='ocr_line' id='line_1_52' title="bbox 1436 3732 2316 3814; baseline 0.006 -18"><span class='ocrx_word' id='word_1_216' title='bbox 1436 3752 1570 3797; x_wconf 91' lang='lat' dir='ltr'><strong>non</strong></span> <span class='ocrx_word' id='word_1_217' title='bbox 1596 3732 1894 3814; x_wconf 83' lang='lat' dir='ltr'><strong>glorietur</strong></span> <span class='ocrx_word' id='word_1_218' title='bbox 1916 3738 2133 3801; x_wconf 81' lang='lat' dir='ltr'><strong>omnis</strong></span> <span class='ocrx_word' id='word_1_219' title='bbox 2160 3756 2316 3800; x_wconf 86' lang='lat' dir='ltr'><strong>caro</strong></span> 
     </span>
     <span class='ocr_line' id='line_1_53' title="bbox 1438 3840 2316 3924; baseline 0.005 -21"><span class='ocrx_word' id='word_1_220' title='bbox 1438 3858 1655 3904; x_wconf 89' lang='lat' dir='ltr'><strong>coram</strong></span> <span class='ocrx_word' id='word_1_221' title='bbox 1716 3840 1857 3904; x_wconf 90' lang='lat' dir='ltr'><strong>deo.</strong></span> <span class='ocrx_word' id='word_1_222' title='bbox 1937 3841 2104 3906; x_wconf 78' lang='lat' dir='ltr'><strong>³⁰Ex</strong></span> <span class='ocrx_word' id='word_1_223' title='bbox 2181 3843 2316 3924; x_wconf 90' lang='lat' dir='ltr'><strong>ipso</strong></span> 
     </span>
    </p>
   </div>
   <div class='ocr_carea' id='block_1_8' title="bbox 2345 774 2434 841">
    <p class='ocr_par' dir='ltr' id='par_1_11' title="bbox 2345 774 2434 841">
     <span class='ocr_line' id='line_1_54' title="bbox 2345 774 2434 841; baseline 0.011 -1"><span class='ocrx_word' id='word_1_224' title='bbox 2345 774 2434 841; x_wconf 83' lang='lat'><strong>75</strong></span> 
     </span>
    </p>
   </div>
   <div class='ocr_carea' id='block_1_9' title="bbox 2855 959 2928 1027">
    <p class='ocr_par' dir='ltr' id='par_1_12' title="bbox 2855 959 2928 1027">
     <span class='ocr_line' id='line_1_55' title="bbox 2855 959 2928 1027; baseline 0 0"><span class='ocrx_word' id='word_1_225' title='bbox 2855 959 2928 1027; x_wconf 72' lang='lat' dir='ltr'><strong>(J</strong></span> 
     </span>
    </p>
   </div>
   <div class='ocr_carea' id='block_1_10' title="bbox 2446 1088 3328 1894">
    <p class='ocr_par' dir='ltr' id='par_1_13' title="bbox 2446 1088 3328 1894">
     <span class='ocr_line' id='line_1_56' title="bbox 2448 1088 3325 1169; baseline 0.003 -17"><span class='ocrx_word' id='word_1_226' title='bbox 2448 1088 2616 1153; x_wconf 86' lang='lat' dir='ltr'><strong>tibus</strong></span> <span class='ocrx_word' id='word_1_227' title='bbox 2694 1095 2911 1157; x_wconf 88' lang='lat' dir='ltr'><strong>autem</strong></span> <span class='ocrx_word' id='word_1_228' title='bbox 2975 1090 3325 1169; x_wconf 78' lang='lat' dir='ltr'><strong>stultitiam,</strong></span> 
     </span>
     <span class='ocr_line' id='line_1_57' title="bbox 2447 1194 3328 1278; baseline 0.002 -20"><span class='ocrx_word' id='word_1_229' title='bbox 2447 1194 2593 1278; x_wconf 89' lang='lat' dir='ltr'><strong>ipsis</strong></span> <span class='ocrx_word' id='word_1_230' title='bbox 2636 1215 2789 1261; x_wconf 91' lang='lat' dir='ltr'><strong>uero</strong></span> <span class='ocrx_word' id='word_1_231' title='bbox 2815 1196 3053 1262; x_wconf 87' lang='lat' dir='ltr'><strong>uocatis</strong></span> <span class='ocrx_word' id='word_1_232' title='bbox 3080 1196 3328 1261; x_wconf 87' lang='lat' dir='ltr'><strong>Iudaeis</strong></span> 
     </span>
     <span class='ocr_line' id='line_1_58' title="bbox 2447 1301 3327 1367; baseline 0 -2"><span class='ocrx_word' id='word_1_233' title='bbox 2447 1304 2512 1365; x_wconf 89' lang='lat' dir='ltr'><strong>et</strong></span> <span class='ocrx_word' id='word_1_234' title='bbox 2552 1301 2805 1367; x_wconf 86' lang='lat' dir='ltr'><strong>Graecis</strong></span> <span class='ocrx_word' id='word_1_235' title='bbox 2848 1301 3168 1367; x_wconf 85' lang='lat' dir='ltr'><strong>Christum</strong></span> <span class='ocrx_word' id='word_1_236' title='bbox 3225 1301 3327 1365; x_wconf 91' lang='lat' dir='ltr'><strong>dei</strong></span> 
     </span>
     <span class='ocr_line' id='line_1_59' title="bbox 2447 1407 3327 1490; baseline 0 -19"><span class='ocrx_word' id='word_1_237' title='bbox 2447 1408 2749 1472; x_wconf 88' lang='lat' dir='ltr'><strong>uirtutem</strong></span> <span class='ocrx_word' id='word_1_238' title='bbox 2812 1410 2877 1471; x_wconf 84' lang='lat' dir='ltr'><strong>et</strong></span> <span class='ocrx_word' id='word_1_239' title='bbox 2920 1407 3022 1472; x_wconf 88' lang='lat' dir='ltr'><strong>dei</strong></span> <span class='ocrx_word' id='word_1_240' title='bbox 3075 1407 3327 1490; x_wconf 88' lang='lat' dir='ltr'><strong>sapien-</strong></span> 
     </span>
     <span class='ocr_line' id='line_1_60' title="bbox 2446 1513 3327 1596; baseline 0.001 -20"><span class='ocrx_word' id='word_1_241' title='bbox 2446 1513 2634 1588; x_wconf 82' lang='lat' dir='ltr'><strong>tiam3</strong></span> <span class='ocrx_word' id='word_1_242' title='bbox 2692 1514 3001 1596; x_wconf 78' lang='lat' dir='ltr'><strong>quoniam</strong></span> <span class='ocrx_word' id='word_1_243' title='bbox 3059 1513 3327 1578; x_wconf 88' lang='lat' dir='ltr'><strong>stultum</strong></span> 
     </span>
     <span class='ocr_line' id='line_1_61' title="bbox 2447 1618 3326 1700; baseline -0.003 -16"><span class='ocrx_word' id='word_1_244' title='bbox 2447 1619 2549 1684; x_wconf 92' lang='lat' dir='ltr'><strong>dei</strong></span> <span class='ocrx_word' id='word_1_245' title='bbox 2593 1618 2940 1700; x_wconf 88' lang='lat' dir='ltr'><strong>sapientius</strong></span> <span class='ocrx_word' id='word_1_246' title='bbox 2989 1621 3084 1682; x_wconf 90' lang='lat' dir='ltr'><strong>est</strong></span> <span class='ocrx_word' id='word_1_247' title='bbox 3118 1618 3326 1682; x_wconf 89' lang='lat' dir='ltr'><strong>homi-</strong></span> 
     </span>
     <span class='ocr_line' id='line_1_62' title="bbox 2446 1724 3323 1789; baseline -0.001 -1"><span class='ocrx_word' id='word_1_248' title='bbox 2446 1725 2635 1789; x_wconf 84' lang='lat' dir='ltr'><strong>nibus</strong></span> <span class='ocrx_word' id='word_1_249' title='bbox 2692 1728 2756 1789; x_wconf 90' lang='lat' dir='ltr'><strong>et</strong></span> <span class='ocrx_word' id='word_1_250' title='bbox 2828 1724 3153 1788; x_wconf 88' lang='lat' dir='ltr'><strong>infirmum</strong></span> <span class='ocrx_word' id='word_1_251' title='bbox 3222 1724 3323 1787; x_wconf 91' lang='lat' dir='ltr'><strong>dei</strong></span> 
     </span>
     <span class='ocr_line' id='line_1_63' title="bbox 2447 1829 3324 1894; baseline -0.002 0"><span class='ocrx_word' id='word_1_252' title='bbox 2447 1830 2668 1894; x_wconf 84' lang='lat' dir='ltr'><strong>fortius</strong></span> <span class='ocrx_word' id='word_1_253' title='bbox 2754 1833 2849 1893; x_wconf 69' lang='lat' dir='ltr'><strong>aet</strong></span> <span class='ocrx_word' id='word_1_254' title='bbox 2944 1829 3324 1893; x_wconf 89' lang='lat' dir='ltr'><strong>hominibus.</strong></span> 
     </span>
    </p>
   </div>
   <div class='ocr_carea' id='block_1_11' title="bbox 2439 2039 3327 3906">
    <p class='ocr_par' dir='ltr' id='par_1_14' title="bbox 2439 2039 3327 3906">
     <span class='ocr_line' id='line_1_64' title="bbox 2530 2039 3325 2105; baseline -0.001 -1"><span class='ocrx_word' id='word_1_255' title='bbox 2530 2039 2793 2104; x_wconf 87' lang='lat' dir='ltr'><strong>*Uidete</strong></span> <span class='ocrx_word' id='word_1_256' title='bbox 2878 2040 3050 2105; x_wconf 92' lang='lat' dir='ltr'><strong>enim</strong></span> <span class='ocrx_word' id='word_1_257' title='bbox 3133 2058 3325 2103; x_wconf 87' lang='lat' dir='ltr'><strong>uoca-</strong></span> 
     </span>
     <span class='ocr_line' id='line_1_65' title="bbox 2444 2144 3323 2224; baseline -0.001 -14"><span class='ocrx_word' id='word_1_258' title='bbox 2444 2146 2701 2210; x_wconf 86' lang='lat' dir='ltr'><strong>tionem</strong></span> <span class='ocrx_word' id='word_1_259' title='bbox 2760 2148 3094 2224; x_wconf 87' lang='lat' dir='ltr'><strong>uestram,</strong></span> <span class='ocrx_word' id='word_1_260' title='bbox 3196 2144 3323 2209; x_wconf 83' lang='lat' dir='ltr'><strong>fra-</strong></span> 
     </span>
     <span class='ocr_line' id='line_1_66' title="bbox 2445 2250 3324 2334; baseline -0.003 -18"><span class='ocrx_word' id='word_1_261' title='bbox 2445 2255 2573 2316; x_wconf 84' lang='lat' dir='ltr'><strong>tres</strong></span> <span class='ocrx_word' id='word_1_262' title='bbox 2586 2300 2600 2328; x_wconf 91' lang='lat'><strong>,</strong></span> <span class='ocrx_word' id='word_1_263' title='bbox 2682 2252 2834 2334; x_wconf 88' lang='lat' dir='ltr'><strong>quia</strong></span> <span class='ocrx_word' id='word_1_264' title='bbox 2923 2270 3056 2315; x_wconf 89' lang='lat' dir='ltr'><strong>non</strong></span> <span class='ocrx_word' id='word_1_265' title='bbox 3141 2250 3324 2314; x_wconf 88' lang='lat' dir='ltr'><strong>multi</strong></span> 
     </span>
     <span class='ocr_line' id='line_1_67' title="bbox 2444 2356 3325 2438; baseline -0.001 -16"><span class='ocrx_word' id='word_1_266' title='bbox 2444 2358 2763 2438; x_wconf 87' lang='lat' dir='ltr'><strong>sapientes</strong></span> <span class='ocrx_word' id='word_1_267' title='bbox 2803 2356 3157 2421; x_wconf 87' lang='lat' dir='ltr'><strong>secundum</strong></span> <span class='ocrx_word' id='word_1_268' title='bbox 3186 2375 3325 2421; x_wconf 87' lang='lat' dir='ltr'><strong>car-</strong></span> 
     </span>
     <span class='ocr_line' id='line_1_68' title="bbox 2444 2463 3324 2545; baseline 0 -19"><span class='ocrx_word' id='word_1_269' title='bbox 2444 2482 2615 2539; x_wconf 90' lang='lat' dir='ltr'><strong>nem,</strong></span> <span class='ocrx_word' id='word_1_270' title='bbox 2647 2482 2779 2526; x_wconf 89' lang='lat' dir='ltr'><strong>non</strong></span> <span class='ocrx_word' id='word_1_271' title='bbox 2806 2463 2990 2527; x_wconf 89' lang='lat' dir='ltr'><strong>multi</strong></span> <span class='ocrx_word' id='word_1_272' title='bbox 3013 2465 3324 2545; x_wconf 78' lang='lat' dir='ltr'><strong>potenteS,</strong></span> 
     </span>
     <span class='ocr_line' id='line_1_69' title="bbox 2443 2568 3326 2645; baseline -0.001 -13"><span class='ocrx_word' id='word_1_273' title='bbox 2443 2588 2577 2633; x_wconf 88' lang='lat' dir='ltr'><strong>non</strong></span> <span class='ocrx_word' id='word_1_274' title='bbox 2642 2568 2828 2632; x_wconf 91' lang='lat' dir='ltr'><strong>multi</strong></span> <span class='ocrx_word' id='word_1_275' title='bbox 2882 2569 3149 2645; x_wconf 77' lang='lat' dir='ltr'><strong>nobileS,</strong></span> <span class='ocrx_word' id='word_1_276' title='bbox 3213 2568 3326 2632; x_wconf 87' lang='lat' dir='ltr'><strong>sed</strong></span> 
     </span>
     <span class='ocr_line' id='line_1_70' title="bbox 2445 2673 3327 2755; baseline -0.003 -15"><span class='ocrx_word' id='word_1_277' title='bbox 2445 2676 2511 2714; x_wconf 55' lang='grc' dir='ltr'><strong>*θ</strong></span> <span class='ocrx_word' id='word_1_278' title='bbox 2536 2676 2734 2740; x_wconf 87' lang='lat' dir='ltr'><strong>stulta</strong></span> <span class='ocrx_word' id='word_1_279' title='bbox 2824 2675 3049 2740; x_wconf 91' lang='lat' dir='ltr'><strong>mundi</strong></span> <span class='ocrx_word' id='word_1_280' title='bbox 3140 2673 3327 2755; x_wconf 80' lang='lat' dir='ltr'><strong>elegit</strong></span> 
     </span>
     <span class='ocr_line' id='line_1_71' title="bbox 2446 2781 3327 2859; baseline -0.003 -13"><span class='ocrx_word' id='word_1_281' title='bbox 2446 2782 2604 2846; x_wconf 88' lang='lat' dir='ltr'><strong>deus</strong></span> <span class='ocrx_word' id='word_1_282' title='bbox 2621 2829 2637 2859; x_wconf 93' lang='lat'><strong>,</strong></span> <span class='ocrx_word' id='word_1_283' title='bbox 2695 2784 2768 2845; x_wconf 92' lang='lat' dir='ltr'><strong>ut</strong></span> <span class='ocrx_word' id='word_1_284' title='bbox 2818 2781 3170 2848; x_wconf 85' lang='lat' dir='ltr'><strong>confundat</strong></span> <span class='ocrx_word' id='word_1_285' title='bbox 3222 2798 3327 2843; x_wconf 87' lang='lat' dir='ltr'><strong>sa-</strong></span> 
     </span>
     <span class='ocr_line' id='line_1_72' title="bbox 2444 2886 3323 2969; baseline -0.001 -19"><span class='ocrx_word' id='word_1_286' title='bbox 2444 2888 2689 2969; x_wconf 62' lang='lat' dir='ltr'><strong>pientes</strong></span> <span class='ocrx_word' id='word_1_287' title='bbox 2706 2936 2721 2965; x_wconf 88' lang='lat'>‚</span> <span class='ocrx_word' id='word_1_288' title='bbox 2827 2890 2891 2951; x_wconf 89' lang='lat' dir='ltr'><strong>et</strong></span> <span class='ocrx_word' id='word_1_289' title='bbox 2974 2887 3041 2926; x_wconf 82' lang='lat'><strong>*⁸</strong></span> <span class='ocrx_word' id='word_1_290' title='bbox 3068 2886 3323 2950; x_wconf 86' lang='lat' dir='ltr'><strong>infirma</strong></span> 
     </span>
     <span class='ocr_line' id='line_1_73' title="bbox 2442 2992 3320 3074; baseline -0.003 -17"><span class='ocrx_word' id='word_1_291' title='bbox 2442 2992 2670 3057; x_wconf 90' lang='lat' dir='ltr'><strong>mundi</strong></span> <span class='ocrx_word' id='word_1_292' title='bbox 2728 2992 2914 3074; x_wconf 83' lang='lat' dir='ltr'><strong>elegit</strong></span> <span class='ocrx_word' id='word_1_293' title='bbox 2999 2992 3173 3068; x_wconf 79' lang='lat' dir='ltr'><strong>deuS,</strong></span> <span class='ocrx_word' id='word_1_294' title='bbox 3246 2994 3320 3056; x_wconf 85' lang='lat' dir='ltr'><strong>ut</strong></span> 
     </span>
     <span class='ocr_line' id='line_1_74' title="bbox 2443 3098 3320 3178; baseline -0.003 -15"><span class='ocrx_word' id='word_1_295' title='bbox 2443 3098 2795 3163; x_wconf 86' lang='lat' dir='ltr'><strong>confundat</strong></span> <span class='ocrx_word' id='word_1_296' title='bbox 2818 3098 3025 3176; x_wconf 86' lang='lat' dir='ltr'><strong>fortia,</strong></span> <span class='ocrx_word' id='word_1_297' title='bbox 3061 3101 3125 3162; x_wconf 91' lang='lat' dir='ltr'><strong>et</strong></span> <span class='ocrx_word' id='word_1_298' title='bbox 3137 3099 3320 3178; x_wconf 81' lang='lat' dir='ltr'><strong>igno-</strong></span> 
     </span>
     <span class='ocr_line' id='line_1_75' title="bbox 2441 3202 3320 3268; baseline -0.002 -1"><span class='ocrx_word' id='word_1_299' title='bbox 2441 3204 2592 3268; x_wconf 88' lang='lat' dir='ltr'><strong>bilia</strong></span> <span class='ocrx_word' id='word_1_300' title='bbox 2635 3204 2859 3268; x_wconf 87' lang='lat' dir='ltr'><strong>mundi</strong></span> <span class='ocrx_word' id='word_1_301' title='bbox 2883 3207 2949 3267; x_wconf 87' lang='lat' dir='ltr'><strong>et</strong></span> <span class='ocrx_word' id='word_1_302' title='bbox 2980 3202 3320 3267; x_wconf 89' lang='lat' dir='ltr'><strong>contemti-</strong></span> 
     </span>
     <span class='ocr_line' id='line_1_76' title="bbox 2439 3308 3318 3391; baseline -0.001 -18"><span class='ocrx_word' id='word_1_303' title='bbox 2439 3310 2591 3374; x_wconf 87' lang='lat' dir='ltr'><strong>bilia</strong></span> <span class='ocrx_word' id='word_1_304' title='bbox 2649 3309 2835 3391; x_wconf 83' lang='lat' dir='ltr'><strong>elegit</strong></span> <span class='ocrx_word' id='word_1_305' title='bbox 2879 3308 3035 3373; x_wconf 86' lang='lat' dir='ltr'><strong>deus</strong></span> <span class='ocrx_word' id='word_1_306' title='bbox 3100 3312 3162 3372; x_wconf 92' lang='lat' dir='ltr'><strong>et</strong></span> <span class='ocrx_word' id='word_1_307' title='bbox 3222 3328 3318 3386; x_wconf 88' lang='lat' dir='ltr'><strong>ea,</strong></span> 
     </span>
     <span class='ocr_line' id='line_1_77' title="bbox 2442 3418 3320 3500; baseline -0.002 -19"><span class='ocrx_word' id='word_1_308' title='bbox 2442 3435 2609 3500; x_wconf 87' lang='lat' dir='ltr'><strong>quae</strong></span> <span class='ocrx_word' id='word_1_309' title='bbox 2685 3435 2818 3480; x_wconf 90' lang='lat' dir='ltr'><strong>non</strong></span> <span class='ocrx_word' id='word_1_310' title='bbox 2899 3418 3067 3493; x_wconf 87' lang='lat' dir='ltr'><strong>sunt,</strong></span> <span class='ocrx_word' id='word_1_311' title='bbox 3153 3419 3320 3481; x_wconf 82' lang='lat' dir='ltr'><strong>tam-</strong></span> 
     </span>
     <span class='ocr_line' id='line_1_78' title="bbox 2441 3520 3319 3605; baseline -0.001 -19"><span class='ocrx_word' id='word_1_312' title='bbox 2441 3541 2642 3605; x_wconf 83' lang='lat' dir='ltr'><strong>quam</strong></span> <span class='ocrx_word' id='word_1_313' title='bbox 2727 3541 2895 3604; x_wconf 89' lang='lat' dir='ltr'><strong>quae</strong></span> <span class='ocrx_word' id='word_1_314' title='bbox 2989 3520 3146 3600; x_wconf 84' lang='lat' dir='ltr'><strong>sint,</strong></span> <span class='ocrx_word' id='word_1_315' title='bbox 3246 3524 3319 3586; x_wconf 86' lang='lat' dir='ltr'><strong>ut</strong></span> 
     </span>
     <span class='ocr_line' id='line_1_79' title="bbox 2439 3629 3317 3710; baseline -0.002 -18"><span class='ocrx_word' id='word_1_316' title='bbox 2439 3647 2608 3710; x_wconf 86' lang='lat' dir='ltr'><strong>quae</strong></span> <span class='ocrx_word' id='word_1_317' title='bbox 2690 3630 2841 3692; x_wconf 87' lang='lat' dir='ltr'><strong>sunt</strong></span> <span class='ocrx_word' id='word_1_318' title='bbox 2903 3629 3317 3706; x_wconf 87' lang='lat' dir='ltr'><strong>euacuentur,</strong></span> 
     </span>
     <span class='ocr_line' id='line_1_80' title="bbox 2440 3733 3319 3814; baseline -0.001 -16"><span class='ocrx_word' id='word_1_319' title='bbox 2440 3735 2588 3798; x_wconf 81' lang='lat' dir='ltr'><strong>*⁴ut</strong></span> <span class='ocrx_word' id='word_1_320' title='bbox 2612 3752 2745 3796; x_wconf 91' lang='lat' dir='ltr'><strong>non</strong></span> <span class='ocrx_word' id='word_1_321' title='bbox 2782 3733 3083 3814; x_wconf 84' lang='lat' dir='ltr'><strong>glorietur</strong></span> <span class='ocrx_word' id='word_1_322' title='bbox 3110 3733 3319 3797; x_wconf 83' lang='lat' dir='ltr'><strong>omnis</strong></span> 
     </span>
     <span class='ocr_line' id='line_1_81' title="bbox 2439 3838 3036 3906; baseline -0.008 0"><span class='ocrx_word' id='word_1_323' title='bbox 2439 3858 2591 3906; x_wconf 88' lang='lat' dir='ltr'><strong>caro</strong></span> <span class='ocrx_word' id='word_1_324' title='bbox 2633 3857 2851 3904; x_wconf 89' lang='lat' dir='ltr'><strong>coram</strong></span> <span class='ocrx_word' id='word_1_325' title='bbox 2895 3838 3036 3902; x_wconf 91' lang='lat' dir='ltr'><strong>deo.</strong></span> 
     </span>
    </p>
   </div>
   <div class='ocr_carea' id='block_1_12' title="bbox 3440 1094 4413 3921">
    <p class='ocr_par' dir='ltr' id='par_1_15' title="bbox 3440 1094 4413 3921">
     <span class='ocr_line' id='line_1_82' title="bbox 3448 1094 4328 1177; baseline 0.003 -22"><span class='ocrx_word' id='word_1_326' title='bbox 3448 1095 3580 1157; x_wconf 91' lang='lat' dir='ltr'><strong>tem</strong></span> <span class='ocrx_word' id='word_1_327' title='bbox 3664 1094 4022 1172; x_wconf 82' lang='lat' dir='ltr'><strong>stultitiam,</strong></span> <span class='ocrx_word' id='word_1_328' title='bbox 4118 1095 4328 1177; x_wconf 73' lang='lat' dir='ltr'><strong>⁹⁴ipsis</strong></span> 
     </span>
     <span class='ocr_line' id='line_1_83' title="bbox 3449 1199 4327 1266; baseline 0.005 -4"><span class='ocrx_word' id='word_1_329' title='bbox 3449 1201 3669 1263; x_wconf 85' lang='lat' dir='ltr'><strong>autem</strong></span> <span class='ocrx_word' id='word_1_330' title='bbox 3761 1201 4002 1265; x_wconf 85' lang='lat' dir='ltr'><strong>uocatis</strong></span> <span class='ocrx_word' id='word_1_331' title='bbox 4080 1199 4327 1266; x_wconf 86' lang='lat' dir='ltr'><strong>Iudaeis</strong></span> 
     </span>
     <span class='ocr_line' id='line_1_84' title="bbox 3447 1302 4326 1386; baseline 0.003 -19"><span class='ocrx_word' id='word_1_332' title='bbox 3447 1306 3641 1386; x_wconf 88' lang='lat' dir='ltr'><strong>atque</strong></span> <span class='ocrx_word' id='word_1_333' title='bbox 3655 1302 3867 1369; x_wconf 84' lang='lat' dir='ltr'><strong>Grecis</strong></span> <span class='ocrx_word' id='word_1_334' title='bbox 3881 1304 4203 1370; x_wconf 86' lang='lat' dir='ltr'><strong>Christum</strong></span> <span class='ocrx_word' id='word_1_335' title='bbox 4224 1305 4326 1370; x_wconf 88' lang='lat' dir='ltr'><strong>dei</strong></span> 
     </span>
     <span class='ocr_line' id='line_1_85' title="bbox 3448 1409 4317 1493; baseline 0.006 -22"><span class='ocrx_word' id='word_1_336' title='bbox 3448 1409 3749 1473; x_wconf 83' lang='lat' dir='ltr'><strong>uirtutem</strong></span> <span class='ocrx_word' id='word_1_337' title='bbox 3793 1413 3858 1475; x_wconf 92' lang='lat' dir='ltr'><strong>et</strong></span> <span class='ocrx_word' id='word_1_338' title='bbox 3915 1410 4017 1476; x_wconf 91' lang='lat' dir='ltr'><strong>dei</strong></span> <span class='ocrx_word' id='word_1_339' title='bbox 4066 1412 4317 1493; x_wconf 86' lang='lat' dir='ltr'><strong>sapien·</strong></span> 
     </span>
     <span class='ocr_line' id='line_1_86' title="bbox 3445 1512 4412 1598; baseline 0.006 -22"><span class='ocrx_word' id='word_1_340' title='bbox 3445 1512 3634 1589; x_wconf 89' lang='lat' dir='ltr'><strong>tiam;</strong></span> <span class='ocrx_word' id='word_1_341' title='bbox 3693 1513 3750 1553; x_wconf 77' lang='lat'><strong>²⁶</strong></span> <span class='ocrx_word' id='word_1_342' title='bbox 3761 1516 3915 1597; x_wconf 87' lang='lat' dir='ltr'><strong>quia</strong></span> <span class='ocrx_word' id='word_1_343' title='bbox 3952 1516 4127 1598; x_wconf 90' lang='lat' dir='ltr'><strong>quod</strong></span> <span class='ocrx_word' id='word_1_344' title='bbox 4166 1516 4322 1582; x_wconf 87' lang='lat' dir='ltr'><strong>stul·</strong></span> <span class='ocrx_word' id='word_1_345' title='bbox 4380 1528 4412 1581; x_wconf 89' lang='lat'>5</span> 
     </span>
     <span class='ocr_line' id='line_1_87' title="bbox 3446 1620 4319 1705; baseline 0.005 -22"><span class='ocrx_word' id='word_1_346' title='bbox 3446 1622 3588 1684; x_wconf 90' lang='lat' dir='ltr'><strong>tum</strong></span> <span class='ocrx_word' id='word_1_347' title='bbox 3651 1622 3747 1684; x_wconf 90' lang='lat' dir='ltr'><strong>est</strong></span> <span class='ocrx_word' id='word_1_348' title='bbox 3788 1620 3907 1699; x_wconf 91' lang='lat' dir='ltr'><strong>dei,</strong></span> <span class='ocrx_word' id='word_1_349' title='bbox 3975 1623 4319 1705; x_wconf 88' lang='lat' dir='ltr'><strong>sapientius</strong></span> 
     </span>
     <span class='ocr_line' id='line_1_88' title="bbox 3447 1725 4322 1810; baseline 0.006 -21"><span class='ocrx_word' id='word_1_350' title='bbox 3447 1727 3543 1789; x_wconf 86' lang='lat' dir='ltr'><strong>est</strong></span> <span class='ocrx_word' id='word_1_351' title='bbox 3607 1725 3970 1790; x_wconf 88' lang='lat' dir='ltr'><strong>hominibus</strong></span> <span class='ocrx_word' id='word_1_352' title='bbox 4030 1731 4096 1792; x_wconf 89' lang='lat' dir='ltr'><strong>et</strong></span> <span class='ocrx_word' id='word_1_353' title='bbox 4146 1728 4322 1810; x_wconf 87' lang='lat' dir='ltr'><strong>quod</strong></span> 
     </span>
     <span class='ocr_line' id='line_1_89' title="bbox 3445 1831 4321 1910; baseline 0.003 -15"><span class='ocrx_word' id='word_1_354' title='bbox 3445 1831 3778 1896; x_wconf 89' lang='lat' dir='ltr'><strong>infirmum</strong></span> <span class='ocrx_word' id='word_1_355' title='bbox 3802 1834 3896 1895; x_wconf 91' lang='lat' dir='ltr'><strong>est</strong></span> <span class='ocrx_word' id='word_1_356' title='bbox 3937 1832 4057 1910; x_wconf 88' lang='lat' dir='ltr'><strong>dei,</strong></span> <span class='ocrx_word' id='word_1_357' title='bbox 4101 1834 4321 1897; x_wconf 86' lang='lat' dir='ltr'><strong>fortius</strong></span> 
     </span>
     <span class='ocr_line' id='line_1_90' title="bbox 3447 1937 3968 2002; baseline 0 -2"><span class='ocrx_word' id='word_1_358' title='bbox 3447 1940 3542 2001; x_wconf 88' lang='lat' dir='ltr'><strong>est</strong></span> <span class='ocrx_word' id='word_1_359' title='bbox 3584 1937 3968 2002; x_wconf 85' lang='lat' dir='ltr'><strong>hominibus.</strong></span> 
     </span>
     <span class='ocr_line' id='line_1_91' title="bbox 3451 2042 4413 2113; baseline 0.007 -7"><span class='ocrx_word' id='word_1_360' title='bbox 3451 2042 3733 2108; x_wconf 77' lang='lat' dir='ltr'><strong>²⁶Uidete</strong></span> <span class='ocrx_word' id='word_1_361' title='bbox 3746 2043 3916 2107; x_wconf 90' lang='lat' dir='ltr'><strong>enim</strong></span> <span class='ocrx_word' id='word_1_362' title='bbox 3926 2044 4328 2109; x_wconf 87' lang='lat' dir='ltr'><strong>uocationem</strong></span> <span class='ocrx_word' id='word_1_363' title='bbox 4347 2058 4413 2113; x_wconf 88' lang='lat'><strong>10</strong></span> 
     </span>
     <span class='ocr_line' id='line_1_92' title="bbox 3446 2149 4322 2232; baseline 0.005 -21"><span class='ocrx_word' id='word_1_364' title='bbox 3446 2152 3745 2228; x_wconf 69' lang='lat' dir='ltr'><strong>uaetram,</strong></span> <span class='ocrx_word' id='word_1_365' title='bbox 3759 2149 4000 2227; x_wconf 82' lang='lat' dir='ltr'><strong>fratreS‚</strong></span> <span class='ocrx_word' id='word_1_366' title='bbox 4027 2150 4322 2232; x_wconf 88' lang='lat' dir='ltr'><strong>quianon</strong></span> 
     </span>
     <span class='ocr_line' id='line_1_93' title="bbox 3446 2253 4315 2337; baseline 0.003 -20"><span class='ocrx_word' id='word_1_367' title='bbox 3446 2253 3629 2318; x_wconf 84' lang='lat' dir='ltr'><strong>multi</strong></span> <span class='ocrx_word' id='word_1_368' title='bbox 3701 2256 4018 2337; x_wconf 87' lang='lat' dir='ltr'><strong>sapientes</strong></span> <span class='ocrx_word' id='word_1_369' title='bbox 4089 2275 4315 2320; x_wconf 87' lang='lat' dir='ltr'><strong>secun-</strong></span> 
     </span>
     <span class='ocr_line' id='line_1_94' title="bbox 3447 2358 4319 2439; baseline 0.002 -16"><span class='ocrx_word' id='word_1_370' title='bbox 3447 2358 3604 2423; x_wconf 87' lang='lat' dir='ltr'><strong>dum</strong></span> <span class='ocrx_word' id='word_1_371' title='bbox 3648 2379 3926 2439; x_wconf 88' lang='lat' dir='ltr'><strong>carnem,</strong></span> <span class='ocrx_word' id='word_1_372' title='bbox 3968 2381 4100 2425; x_wconf 90' lang='lat' dir='ltr'><strong>non</strong></span> <span class='ocrx_word' id='word_1_373' title='bbox 4134 2363 4319 2426; x_wconf 88' lang='lat' dir='ltr'><strong>multi</strong></span> 
     </span>
     <span class='ocr_line' id='line_1_95' title="bbox 3448 2467 4322 2547; baseline 0.007 -20"><span class='ocrx_word' id='word_1_374' title='bbox 3448 2468 3756 2547; x_wconf 66' lang='lat' dir='ltr'><strong>potentae,</strong></span> <span class='ocrx_word' id='word_1_375' title='bbox 3780 2485 3912 2531; x_wconf 92' lang='lat' dir='ltr'><strong>non</strong></span> <span class='ocrx_word' id='word_1_376' title='bbox 3937 2467 4120 2533; x_wconf 83' lang='lat' dir='ltr'><strong>multi</strong></span> <span class='ocrx_word' id='word_1_377' title='bbox 4139 2469 4322 2533; x_wconf 88' lang='lat' dir='ltr'><strong>nobi-</strong></span> 
     </span>
     <span class='ocr_line' id='line_1_96' title="bbox 3447 2571 4409 2654; baseline -0.001 -19"><span class='ocrx_word' id='word_1_378' title='bbox 3447 2571 3556 2650; x_wconf 55' lang='lat' dir='ltr'><strong>les,</strong></span> <span class='ocrx_word' id='word_1_379' title='bbox 3580 2571 3750 2637; x_wconf 77' lang='lat' dir='ltr'><strong>²⁷sed</strong></span> <span class='ocrx_word' id='word_1_380' title='bbox 3771 2592 3937 2654; x_wconf 87' lang='lat' dir='ltr'><strong>quae</strong></span> <span class='ocrx_word' id='word_1_381' title='bbox 3954 2575 4149 2639; x_wconf 85' lang='lat' dir='ltr'><strong>stulta</strong></span> <span class='ocrx_word' id='word_1_382' title='bbox 4168 2578 4320 2640; x_wconf 87' lang='lat' dir='ltr'><strong>sunt</strong></span> <span class='ocrx_word' id='word_1_383' title='bbox 4344 2579 4409 2635; x_wconf 88' lang='lat'><strong>15</strong></span> 
     </span>
     <span class='ocr_line' id='line_1_97' title="bbox 3446 2677 4321 2760; baseline 0.007 -20"><span class='ocrx_word' id='word_1_384' title='bbox 3446 2677 3671 2741; x_wconf 90' lang='lat' dir='ltr'><strong>mundi</strong></span> <span class='ocrx_word' id='word_1_385' title='bbox 3723 2678 3909 2760; x_wconf 84' lang='lat' dir='ltr'><strong>elegit</strong></span> <span class='ocrx_word' id='word_1_386' title='bbox 3976 2678 4131 2744; x_wconf 87' lang='lat' dir='ltr'><strong>deus</strong></span> <span class='ocrx_word' id='word_1_387' title='bbox 4149 2728 4164 2758; x_wconf 90' lang='lat'><strong>,</strong></span> <span class='ocrx_word' id='word_1_388' title='bbox 4248 2687 4321 2746; x_wconf 92' lang='lat' dir='ltr'><strong>ut</strong></span> 
     </span>
     <span class='ocr_line' id='line_1_98' title="bbox 3446 2783 4319 2867; baseline 0.006 -21"><span class='ocrx_word' id='word_1_389' title='bbox 3446 2783 3800 2847; x_wconf 81' lang='lat' dir='ltr'><strong>confundat</strong></span> <span class='ocrx_word' id='word_1_390' title='bbox 3855 2784 4196 2867; x_wconf 82' lang='lat' dir='ltr'><strong>sapienteS,</strong></span> <span class='ocrx_word' id='word_1_391' title='bbox 4255 2791 4319 2851; x_wconf 91' lang='lat' dir='ltr'><strong>et</strong></span> 
     </span>
     <span class='ocr_line' id='line_1_99' title="bbox 3446 2887 4320 2972; baseline 0.005 -21"><span class='ocrx_word' id='word_1_392' title='bbox 3446 2887 3699 2953; x_wconf 89' lang='lat' dir='ltr'><strong>infirma</strong></span> <span class='ocrx_word' id='word_1_393' title='bbox 3807 2891 4031 2954; x_wconf 87' lang='lat' dir='ltr'><strong>mundi</strong></span> <span class='ocrx_word' id='word_1_394' title='bbox 4135 2892 4320 2972; x_wconf 86' lang='lat' dir='ltr'><strong>elegit</strong></span> 
     </span>
     <span class='ocr_line' id='line_1_100' title="bbox 3445 2992 4319 3076; baseline 0.006 -19"><span class='ocrx_word' id='word_1_395' title='bbox 3445 2992 3621 3073; x_wconf 58' lang='lat' dir='ltr'><strong>deus»,</strong></span> <span class='ocrx_word' id='word_1_396' title='bbox 3647 2997 3719 3058; x_wconf 87' lang='lat' dir='ltr'><strong>ut</strong></span> <span class='ocrx_word' id='word_1_397' title='bbox 3737 2996 4087 3061; x_wconf 89' lang='lat' dir='ltr'><strong>confundat</strong></span> <span class='ocrx_word' id='word_1_398' title='bbox 4106 2997 4319 3076; x_wconf 88' lang='lat' dir='ltr'><strong>fortia,</strong></span> 
     </span>
     <span class='ocr_line' id='line_1_101' title="bbox 4337 3104 4405 3158; baseline -0.015 0"><span class='ocrx_word' id='word_1_399' title='bbox 4337 3104 4405 3158; x_wconf 92' lang='grc'><strong>20</strong></span> 
     </span>
     <span class='ocr_line' id='line_1_102' title="bbox 3448 3203 4320 3286; baseline 0.009 -20"><span class='ocrx_word' id='word_1_400' title='bbox 3448 3203 3503 3241; x_wconf 78' lang='lat'><strong>²⁸</strong></span> <span class='ocrx_word' id='word_1_401' title='bbox 3520 3207 3583 3267; x_wconf 85' lang='lat' dir='ltr'><strong>et</strong></span> <span class='ocrx_word' id='word_1_402' title='bbox 3623 3204 3923 3286; x_wconf 86' lang='lat' dir='ltr'><strong>ignobilia</strong></span> <span class='ocrx_word' id='word_1_403' title='bbox 3978 3208 4200 3272; x_wconf 89' lang='lat' dir='ltr'><strong>mundi</strong></span> <span class='ocrx_word' id='word_1_404' title='bbox 4256 3214 4320 3274; x_wconf 90' lang='lat' dir='ltr'><strong>et</strong></span> 
     </span>
     <span class='ocr_line' id='line_1_103' title="bbox 3440 3310 4319 3393; baseline 0.007 -20"><span class='ocrx_word' id='word_1_405' title='bbox 3440 3310 3936 3393; x_wconf 82' lang='lat' dir='ltr'><strong>contemptibilia</strong></span> <span class='ocrx_word' id='word_1_406' title='bbox 3960 3312 4146 3393; x_wconf 85' lang='lat' dir='ltr'><strong>elegit</strong></span> <span class='ocrx_word' id='word_1_407' title='bbox 4162 3314 4319 3379; x_wconf 90' lang='lat' dir='ltr'><strong>deus</strong></span> 
     </span>
     <span class='ocr_line' id='line_1_104' title="bbox 3441 3420 4313 3500; baseline 0.007 -19"><span class='ocrx_word' id='word_1_408' title='bbox 3441 3420 3506 3481; x_wconf 92' lang='lat' dir='ltr'><strong>et</strong></span> <span class='ocrx_word' id='word_1_409' title='bbox 3536 3436 3702 3499; x_wconf 86' lang='lat' dir='ltr'><strong>quae</strong></span> <span class='ocrx_word' id='word_1_410' title='bbox 3741 3437 3873 3482; x_wconf 91' lang='lat' dir='ltr'><strong>non</strong></span> <span class='ocrx_word' id='word_1_411' title='bbox 3916 3425 4085 3500; x_wconf 86' lang='lat' dir='ltr'><strong>sunt,</strong></span> <span class='ocrx_word' id='word_1_412' title='bbox 4124 3427 4197 3486; x_wconf 90' lang='lat' dir='ltr'><strong>ut</strong></span> <span class='ocrx_word' id='word_1_413' title='bbox 4232 3441 4313 3486; x_wconf 88' lang='lat' dir='ltr'><strong>ea</strong></span> 
     </span>
     <span class='ocr_line' id='line_1_105' title="bbox 3443 3524 4211 3606; baseline 0.009 -21"><span class='ocrx_word' id='word_1_414' title='bbox 3443 3541 3610 3604; x_wconf 88' lang='lat' dir='ltr'><strong>quae</strong></span> <span class='ocrx_word' id='word_1_415' title='bbox 3650 3528 3802 3588; x_wconf 87' lang='lat' dir='ltr'><strong>sunt</strong></span> <span class='ocrx_word' id='word_1_416' title='bbox 3843 3524 4211 3606; x_wconf 85' lang='lat' dir='ltr'><strong>destrueret,</strong></span> 
     </span>
     <span class='ocr_line' id='line_1_106' title="bbox 3446 3626 4403 3709; baseline 0.006 -21"><span class='ocrx_word' id='word_1_417' title='bbox 3446 3626 3503 3664; x_wconf 78' lang='lat'><strong>¹⁹</strong></span> <span class='ocrx_word' id='word_1_418' title='bbox 3517 3629 3587 3690; x_wconf 91' lang='lat' dir='ltr'><strong>ut</strong></span> <span class='ocrx_word' id='word_1_419' title='bbox 3629 3646 3761 3691; x_wconf 90' lang='lat' dir='ltr'><strong>non</strong></span> <span class='ocrx_word' id='word_1_420' title='bbox 3788 3628 4083 3709; x_wconf 85' lang='lat' dir='ltr'><strong>glorietur</strong></span> <span class='ocrx_word' id='word_1_421' title='bbox 4114 3635 4317 3698; x_wconf 88' lang='lat' dir='ltr'><strong>omnis</strong></span> <span class='ocrx_word' id='word_1_422' title='bbox 4336 3640 4403 3695; x_wconf 87' lang='lat'><strong>25</strong></span> 
     </span>
     <span class='ocr_line' id='line_1_107' title="bbox 3443 3734 4312 3819; baseline 0.009 -23"><span class='ocrx_word' id='word_1_423' title='bbox 3443 3751 3594 3797; x_wconf 87' lang='lat' dir='ltr'><strong>caro</strong></span> <span class='ocrx_word' id='word_1_424' title='bbox 3648 3734 3715 3797; x_wconf 90' lang='lat' dir='ltr'><strong>in</strong></span> <span class='ocrx_word' id='word_1_425' title='bbox 3767 3742 4111 3819; x_wconf 88' lang='lat' dir='ltr'><strong>conspectu</strong></span> <span class='ocrx_word' id='word_1_426' title='bbox 4163 3740 4312 3804; x_wconf 78' lang='lat' dir='ltr'><strong>eius,</strong></span> 
     </span>
     <span class='ocr_line' id='line_1_108' title="bbox 3446 3837 4314 3921; baseline 0.01 -21"><span class='ocrx_word' id='word_1_427' title='bbox 3446 3837 3753 3921; x_wconf 79' lang='lat' dir='ltr'><strong>⁸⁰Exipso</strong></span> <span class='ocrx_word' id='word_1_428' title='bbox 3782 3845 3999 3907; x_wconf 89' lang='lat' dir='ltr'><strong>autem</strong></span> <span class='ocrx_word' id='word_1_429' title='bbox 4020 3862 4136 3908; x_wconf 81' lang='lat' dir='ltr'><strong>uos</strong></span> <span class='ocrx_word' id='word_1_430' title='bbox 4167 3846 4314 3909; x_wconf 82' lang='lat' dir='ltr'><strong>estis</strong></span> 
     </span>
    </p>
   </div>
   <div class='ocr_carea' id='block_1_13' title="bbox 427 3982 4318 4128">
    <p class='ocr_par' dir='ltr' id='par_1_16' title="bbox 427 3982 4318 4128">
     <span class='ocr_line' id='line_1_109' title="bbox 427 3982 4318 4058; baseline -0.001 -14"><span class='ocrx_word' id='word_1_431' title='bbox 427 3990 493 4044; x_wconf 68' lang='grc' dir='ltr'><strong>Δ</strong></span> <span class='ocrx_word' id='word_1_432' title='bbox 565 3989 614 4040; x_wconf 90' lang='grc'><strong>6.</strong></span> <span class='ocrx_word' id='word_1_433' title='bbox 650 4008 830 4048; x_wconf 79' lang='grc' dir='ltr'><strong>σοφωτ.</strong></span> <span class='ocrx_word' id='word_1_434' title='bbox 867 4006 973 4039; x_wconf 74' lang='grc' dir='ltr'><strong>εστ.</strong></span> <span class='ocrx_word' id='word_1_435' title='bbox 1011 4005 1042 4034; x_wconf 82' lang='grc' dir='ltr'><strong>τ</strong></span> <span class='ocrx_word' id='word_1_436' title='bbox 1093 3988 1333 4054; x_wconf 58' lang='lat' dir='ltr'><strong>urbemn.</strong></span> <span class='ocrx_word' id='word_1_437' title='bbox 1356 3982 1597 4038; x_wconf 80' lang='lat' dir='ltr'><strong>DEFG.</strong></span> <span class='ocrx_word' id='word_1_438' title='bbox 1670 4003 1853 4047; x_wconf 73' lang='grc' dir='ltr'><strong>σοφαη.</strong></span> <span class='ocrx_word' id='word_1_439' title='bbox 1890 4007 1939 4040; x_wconf 87' lang='grc' dir='ltr'><strong>τ.</strong></span> <span class='ocrx_word' id='word_1_440' title='bbox 1976 3990 2219 4058; x_wconf 72' lang='grc' dir='ltr'><strong>ανθρωπ.</strong></span> <span class='ocrx_word' id='word_1_441' title='bbox 2252 4007 2358 4040; x_wconf 78' lang='grc' dir='ltr'><strong>εστ.</strong></span> <span class='ocrx_word' id='word_1_442' title='bbox 2396 3987 2451 4036; x_wconf 88' lang='grc' dir='ltr'><em>Σ</em></span> <span class='ocrx_word' id='word_1_443' title='bbox 2465 3983 2697 4040; x_wconf 84' lang='lat' dir='ltr'><strong>ACLP.</strong></span> <span class='ocrx_word' id='word_1_444' title='bbox 2769 3983 2819 4037; x_wconf 89' lang='lat'><strong>8.</strong></span> <span class='ocrx_word' id='word_1_445' title='bbox 2856 4003 2959 4049; x_wconf 69' lang='lat'><strong>⁸⁰1-</strong></span> <span class='ocrx_word' id='word_1_446' title='bbox 2999 4005 3045 4034; x_wconf 86' lang='grc' dir='ltr'><strong>τ.</strong></span> <span class='ocrx_word' id='word_1_447' title='bbox 3080 3986 3240 4054; x_wconf 75' lang='grc' dir='ltr'><strong>ανθρ.</strong></span> <span class='ocrx_word' id='word_1_448' title='bbox 3279 4003 3385 4036; x_wconf 81' lang='grc' dir='ltr'><strong>εστ.</strong></span> <span class='ocrx_word' id='word_1_449' title='bbox 3412 3982 3745 4038; x_wconf 73' lang='lat' dir='ltr'><strong>20ACLP.</strong></span> <span class='ocrx_word' id='word_1_450' title='bbox 3815 3985 3898 4039; x_wconf 77' lang='grc'><strong>27.</strong></span> <span class='ocrx_word' id='word_1_451' title='bbox 3934 4007 4088 4042; x_wconf 68' lang='lat' dir='ltr'><strong>eumn.</strong></span> <span class='ocrx_word' id='word_1_452' title='bbox 4127 4009 4216 4040; x_wconf 77' lang='grc' dir='ltr'><strong>του</strong></span> <span class='ocrx_word' id='word_1_453' title='bbox 4244 3995 4318 4043; x_wconf 69' lang='lat' dir='ltr'><strong>ov</strong></span> 
     </span>
     <span class='ocr_line' id='line_1_110' title="bbox 561 4069 1632 4128; baseline -0.001 -2"><span class='ocrx_word' id='word_1_454' title='bbox 561 4071 1129 4128; x_wconf 71' lang='lat' dir='ltr'><strong>2AC⁸DEFGLR</strong></span> <span class='ocrx_word' id='word_1_455' title='bbox 1165 4088 1319 4125; x_wconf 72' lang='grc' dir='ltr'><strong>ενωπ.</strong></span> <span class='ocrx_word' id='word_1_456' title='bbox 1353 4090 1513 4122; x_wconf 65' lang='lat' dir='ltr'><strong>alnov</strong></span> <span class='ocrx_word' id='word_1_457' title='bbox 1548 4069 1632 4125; x_wconf 71' lang='lat' dir='ltr'><strong>C*-</strong></span> 
     </span>
    </p>
   </div>
   <div class='ocr_carea' id='block_1_14' title="bbox 429 4237 4320 5423">
    <p class='ocr_par' dir='ltr' id='par_1_17' title="bbox 429 4237 4320 5423">
     <span class='ocr_line' id='line_1_111' title="bbox 562 4237 2991 4311; baseline -0.001 -16"><span class='ocrx_word' id='word_1_458' title='bbox 562 4241 807 4311; x_wconf 78' lang='lat' dir='ltr'><strong>promise.</strong></span> <span class='ocrx_word' id='word_1_459' title='bbox 877 4241 968 4295; x_wconf 83' lang='lat'><strong>27.</strong></span> <span class='ocrx_word' id='word_1_460' title='bbox 1007 4257 1192 4296; x_wconf 87' lang='lat' dir='ltr'><strong>coram</strong></span> <span class='ocrx_word' id='word_1_461' title='bbox 1227 4241 1328 4294; x_wconf 79' lang='lat' dir='ltr'><strong>deo</strong></span> <span class='ocrx_word' id='word_1_462' title='bbox 1367 4241 1403 4294; x_wconf 80' lang='lat' dir='ltr'><strong>d</strong></span> <span class='ocrx_word' id='word_1_463' title='bbox 1431 4242 1493 4295; x_wconf 78' lang='lat' dir='ltr'><strong>in</strong></span> <span class='ocrx_word' id='word_1_464' title='bbox 1531 4247 1822 4311; x_wconf 76' lang='lat' dir='ltr'><strong>conspectu</strong></span> <span class='ocrx_word' id='word_1_465' title='bbox 1858 4248 1880 4295; x_wconf 81' lang='lat' dir='ltr'><strong>t</strong></span> <span class='ocrx_word' id='word_1_466' title='bbox 1913 4257 2100 4297; x_wconf 82' lang='lat' dir='ltr'><strong>coram</strong></span> <span class='ocrx_word' id='word_1_467' title='bbox 2136 4240 2273 4297; x_wconf 76' lang='lat' dir='ltr'><strong>tdei</strong></span> <span class='ocrx_word' id='word_1_468' title='bbox 2309 4248 2333 4297; x_wconf 83' lang='lat' dir='ltr'><strong>t</strong></span> <span class='ocrx_word' id='word_1_469' title='bbox 2361 4240 2463 4297; x_wconf 83' lang='lat' dir='ltr'><strong>deo</strong></span> <span class='ocrx_word' id='word_1_470' title='bbox 2503 4256 2547 4309; x_wconf 79' lang='lat' dir='ltr'><strong>g·</strong></span> <span class='ocrx_word' id='word_1_471' title='bbox 2584 4257 2772 4296; x_wconf 83' lang='lat' dir='ltr'><strong>coram</strong></span> <span class='ocrx_word' id='word_1_472' title='bbox 2809 4240 2907 4294; x_wconf 82' lang='lat' dir='ltr'><strong>illo</strong></span> <span class='ocrx_word' id='word_1_473' title='bbox 2948 4237 2991 4292; x_wconf 77' lang='lat' dir='ltr'><strong>f.</strong></span> 
     </span>
     <span class='ocr_line' id='line_1_112' title="bbox 429 4325 4318 4399; baseline 0.002 -18"><span class='ocrx_word' id='word_1_474' title='bbox 429 4331 487 4387; x_wconf 76' lang='lat'><strong>(2</strong></span> <span class='ocrx_word' id='word_1_475' title='bbox 563 4327 611 4381; x_wconf 88' lang='lat'><strong>2.</strong></span> <span class='ocrx_word' id='word_1_476' title='bbox 644 4343 776 4381; x_wconf 79' lang='lat' dir='ltr'><strong>uero</strong></span> <span class='ocrx_word' id='word_1_477' title='bbox 812 4326 873 4380; x_wconf 89' lang='lat' dir='ltr'><strong>in</strong></span> <span class='ocrx_word' id='word_1_478' title='bbox 912 4326 1104 4396; x_wconf 86' lang='lat' dir='ltr'><strong>psalm.</strong></span> <span class='ocrx_word' id='word_1_479' title='bbox 1140 4327 1224 4388; x_wconf 83' lang='lat'><strong>33,</strong></span> <span class='ocrx_word' id='word_1_480' title='bbox 1259 4327 1308 4390; x_wconf 84' lang='lat'><strong>2,</strong></span> <span class='ocrx_word' id='word_1_481' title='bbox 1341 4327 1377 4380; x_wconf 88' lang='lat'>4</span> <span class='ocrx_word' id='word_1_482' title='bbox 1416 4327 1484 4381; x_wconf 87' lang='lat' dir='ltr'><strong>de</strong></span> <span class='ocrx_word' id='word_1_483' title='bbox 1520 4325 1750 4380; x_wconf 84' lang='lat' dir='ltr'><strong>divinat.</strong></span> <span class='ocrx_word' id='word_1_484' title='bbox 1789 4327 2041 4381; x_wconf 86' lang='lat' dir='ltr'><strong>daemon.</strong></span> <span class='ocrx_word' id='word_1_485' title='bbox 2081 4328 2158 4381; x_wconf 88' lang='lat'><strong>14.</strong></span> <span class='ocrx_word' id='word_1_486' title='bbox 2210 4333 2393 4383; x_wconf 78' lang='lat' dir='ltr'><strong>autem</strong></span> <span class='ocrx_word' id='word_1_487' title='bbox 2425 4326 2585 4396; x_wconf 80' lang='lat' dir='ltr'><strong>epist.</strong></span> <span class='ocrx_word' id='word_1_488' title='bbox 2621 4325 2738 4389; x_wconf 88' lang='lat'><strong>196,</strong></span> <span class='ocrx_word' id='word_1_489' title='bbox 2780 4325 2860 4378; x_wconf 83' lang='lat'><strong>15.</strong></span> <span class='ocrx_word' id='word_1_490' title='bbox 2932 4354 2999 4363; x_wconf 89' lang='lat'>—</span> <span class='ocrx_word' id='word_1_491' title='bbox 3072 4325 3121 4378; x_wconf 89' lang='grc'><strong>5.</strong></span> <span class='ocrx_word' id='word_1_492' title='bbox 3160 4327 3292 4393; x_wconf 76' lang='lat' dir='ltr'><strong>quia</strong></span> <span class='ocrx_word' id='word_1_493' title='bbox 3323 4325 3473 4396; x_wconf 74' lang='lat' dir='ltr'><strong>quod</strong></span> <span class='ocrx_word' id='word_1_494' title='bbox 3507 4326 3734 4380; x_wconf 78' lang='lat' dir='ltr'><strong>stultum</strong></span> <span class='ocrx_word' id='word_1_495' title='bbox 3772 4334 3854 4381; x_wconf 76' lang='lat' dir='ltr'><strong>est</strong></span> <span class='ocrx_word' id='word_1_496' title='bbox 3887 4327 3976 4382; x_wconf 83' lang='lat' dir='ltr'><strong>dei</strong></span> <span class='ocrx_word' id='word_1_497' title='bbox 4009 4331 4318 4399; x_wconf 77' lang='lat' dir='ltr'><strong>sapientius</strong></span> 
     </span>
     <span class='ocr_line' id='line_1_113' title="bbox 564 4409 4318 4483; baseline 0.001 -15"><span class='ocrx_word' id='word_1_498' title='bbox 564 4419 643 4468; x_wconf 74' lang='lat' dir='ltr'><strong>cst</strong></span> <span class='ocrx_word' id='word_1_499' title='bbox 677 4413 985 4483; x_wconf 60' lang='lat' dir='ltr'><strong>hominibus</strong></span> <span class='ocrx_word' id='word_1_500' title='bbox 1022 4418 1075 4466; x_wconf 81' lang='lat' dir='ltr'><strong>et</strong></span> <span class='ocrx_word' id='word_1_501' title='bbox 1103 4411 1250 4480; x_wconf 78' lang='lat' dir='ltr'><strong>quod</strong></span> <span class='ocrx_word' id='word_1_502' title='bbox 1280 4411 1558 4480; x_wconf 77' lang='lat' dir='ltr'><strong>infimum</strong></span> <span class='ocrx_word' id='word_1_503' title='bbox 1595 4418 1676 4467; x_wconf 77' lang='lat' dir='ltr'><strong>est</strong></span> <span class='ocrx_word' id='word_1_504' title='bbox 1709 4412 1799 4466; x_wconf 79' lang='lat' dir='ltr'><strong>dei</strong></span> <span class='ocrx_word' id='word_1_505' title='bbox 1824 4413 2042 4481; x_wconf 79' lang='lat' dir='ltr'><strong>fortius</strong></span> <span class='ocrx_word' id='word_1_506' title='bbox 2092 4418 2173 4466; x_wconf 76' lang='grc' dir='ltr'><strong>εει</strong></span> <span class='ocrx_word' id='word_1_507' title='bbox 2223 4428 2389 4482; x_wconf 76' lang='lat' dir='ltr'><strong>quam</strong></span> <span class='ocrx_word' id='word_1_508' title='bbox 2427 4414 2672 4467; x_wconf 75' lang='lat' dir='ltr'><strong>homines</strong></span> <span class='ocrx_word' id='word_1_509' title='bbox 2705 4410 2765 4463; x_wconf 89' lang='lat' dir='ltr'><strong>in</strong></span> <span class='ocrx_word' id='word_1_510' title='bbox 2801 4409 2995 4478; x_wconf 80' lang='lat' dir='ltr'><strong>psalm.</strong></span> <span class='ocrx_word' id='word_1_511' title='bbox 3032 4409 3115 4473; x_wconf 83' lang='lat'><strong>33,</strong></span> <span class='ocrx_word' id='word_1_512' title='bbox 3153 4409 3204 4473; x_wconf 84' lang='lat'><strong>2,</strong></span> <span class='ocrx_word' id='word_1_513' title='bbox 3236 4410 3286 4463; x_wconf 84' lang='lat'><strong>4.</strong></span> <span class='ocrx_word' id='word_1_514' title='bbox 3340 4411 3598 4479; x_wconf 75' lang='lat' dir='ltr'><strong>quoniam</strong></span> <span class='ocrx_word' id='word_1_515' title='bbox 3639 4410 3788 4479; x_wconf 77' lang='lat' dir='ltr'><strong>quod</strong></span> <span class='ocrx_word' id='word_1_516' title='bbox 3822 4413 4049 4467; x_wconf 79' lang='lat' dir='ltr'><strong>stultum</strong></span> <span class='ocrx_word' id='word_1_517' title='bbox 4099 4423 4180 4471; x_wconf 79' lang='lat' dir='ltr'><strong>est</strong></span> <span class='ocrx_word' id='word_1_518' title='bbox 4227 4417 4318 4473; x_wconf 76' lang='lat' dir='ltr'><strong>dei</strong></span> 
     </span>
     <span class='ocr_line' id='line_1_114' title="bbox 563 4494 4316 4568; baseline 0.001 -15"><span class='ocrx_word' id='word_1_519' title='bbox 563 4499 870 4568; x_wconf 78' lang='lat' dir='ltr'><strong>sapientius</strong></span> <span class='ocrx_word' id='word_1_520' title='bbox 906 4505 985 4551; x_wconf 73' lang='lat' dir='ltr'><strong>est</strong></span> <span class='ocrx_word' id='word_1_521' title='bbox 1019 4497 1328 4551; x_wconf 74' lang='lat' dir='ltr'><strong>hominibus</strong></span> <span class='ocrx_word' id='word_1_522' title='bbox 1365 4503 1418 4552; x_wconf 80' lang='lat' dir='ltr'><strong>et</strong></span> <span class='ocrx_word' id='word_1_523' title='bbox 1452 4497 1601 4567; x_wconf 80' lang='lat' dir='ltr'><strong>quod</strong></span> <span class='ocrx_word' id='word_1_524' title='bbox 1636 4498 1913 4566; x_wconf 80' lang='lat' dir='ltr'><strong>infirmum</strong></span> <span class='ocrx_word' id='word_1_525' title='bbox 1951 4504 2030 4552; x_wconf 77' lang='lat' dir='ltr'><strong>est</strong></span> <span class='ocrx_word' id='word_1_526' title='bbox 2065 4497 2154 4551; x_wconf 77' lang='lat' dir='ltr'><strong>dez·</strong></span> <span class='ocrx_word' id='word_1_527' title='bbox 2201 4497 2410 4562; x_wconf 75' lang='lat' dir='ltr'><strong>fortius</strong></span> <span class='ocrx_word' id='word_1_528' title='bbox 2450 4505 2529 4552; x_wconf 79' lang='lat' dir='ltr'><strong>est</strong></span> <span class='ocrx_word' id='word_1_529' title='bbox 2584 4496 2895 4552; x_wconf 76' lang='lat' dir='ltr'><strong>hominibus</strong></span> <span class='ocrx_word' id='word_1_530' title='bbox 2945 4495 3014 4549; x_wconf 88' lang='lat' dir='ltr'><strong>de</strong></span> <span class='ocrx_word' id='word_1_531' title='bbox 3050 4494 3280 4549; x_wconf 86' lang='lat' dir='ltr'><strong>divinat.</strong></span> <span class='ocrx_word' id='word_1_532' title='bbox 3330 4497 3581 4550; x_wconf 88' lang='lat' dir='ltr'><strong>daemon.</strong></span> <span class='ocrx_word' id='word_1_533' title='bbox 3629 4496 3709 4549; x_wconf 91' lang='lat'><strong>14.</strong></span> <span class='ocrx_word' id='word_1_534' title='bbox 3763 4498 3911 4565; x_wconf 74' lang='lat' dir='ltr'><strong>quod</strong></span> <span class='ocrx_word' id='word_1_535' title='bbox 3959 4501 4187 4554; x_wconf 79' lang='lat' dir='ltr'><strong>stultum</strong></span> <span class='ocrx_word' id='word_1_536' title='bbox 4235 4512 4316 4560; x_wconf 76' lang='lat' dir='ltr'><strong>est</strong></span> 
     </span>
     <span class='ocr_line' id='line_1_115' title="bbox 564 4581 4315 4654; baseline 0.001 -16"><span class='ocrx_word' id='word_1_537' title='bbox 564 4585 653 4638; x_wconf 78' lang='lat' dir='ltr'><strong>dci</strong></span> <span class='ocrx_word' id='word_1_538' title='bbox 686 4586 996 4653; x_wconf 77' lang='lat' dir='ltr'><strong>sapientius</strong></span> <span class='ocrx_word' id='word_1_539' title='bbox 1033 4589 1114 4638; x_wconf 77' lang='lat' dir='ltr'><strong>est</strong></span> <span class='ocrx_word' id='word_1_540' title='bbox 1144 4583 1454 4637; x_wconf 76' lang='lat' dir='ltr'><strong>hominibus</strong></span> <span class='ocrx_word' id='word_1_541' title='bbox 1490 4590 1542 4637; x_wconf 77' lang='lat' dir='ltr'><strong>et</strong></span> <span class='ocrx_word' id='word_1_542' title='bbox 1578 4583 1726 4652; x_wconf 78' lang='lat' dir='ltr'><strong>quod</strong></span> <span class='ocrx_word' id='word_1_543' title='bbox 1761 4584 2037 4652; x_wconf 78' lang='lat' dir='ltr'><strong>infirmum</strong></span> <span class='ocrx_word' id='word_1_544' title='bbox 2075 4591 2156 4638; x_wconf 76' lang='lat' dir='ltr'><strong>est</strong></span> <span class='ocrx_word' id='word_1_545' title='bbox 2195 4583 2285 4638; x_wconf 76' lang='lat' dir='ltr'><strong>dei</strong></span> <span class='ocrx_word' id='word_1_546' title='bbox 2323 4584 2541 4652; x_wconf 72' lang='lat' dir='ltr'><strong>fortius</strong></span> <span class='ocrx_word' id='word_1_547' title='bbox 2593 4589 2673 4636; x_wconf 74' lang='lat' dir='ltr'><strong>est</strong></span> <span class='ocrx_word' id='word_1_548' title='bbox 2725 4582 3035 4637; x_wconf 78' lang='lat' dir='ltr'><strong>hominibus</strong></span> <span class='ocrx_word' id='word_1_549' title='bbox 3088 4582 3155 4634; x_wconf 90' lang='lat' dir='ltr'><strong>de</strong></span> <span class='ocrx_word' id='word_1_550' title='bbox 3204 4581 3435 4635; x_wconf 86' lang='lat' dir='ltr'><strong>doctrin.</strong></span> <span class='ocrx_word' id='word_1_551' title='bbox 3486 4581 3781 4636; x_wconf 79' lang='lat' dir='ltr'><strong>Christian.</strong></span> <span class='ocrx_word' id='word_1_552' title='bbox 3825 4584 3870 4646; x_wconf 91' lang='grc'><strong>1,</strong></span> <span class='ocrx_word' id='word_1_553' title='bbox 3913 4584 3989 4638; x_wconf 95' lang='grc'><strong>11.</strong></span> <span class='ocrx_word' id='word_1_554' title='bbox 4042 4587 4315 4654; x_wconf 80' lang='lat' dir='ltr'><strong>infirmum</strong></span> 
     </span>
     <span class='ocr_line' id='line_1_116' title="bbox 560 4665 4314 4740; baseline 0.002 -17"><span class='ocrx_word' id='word_1_555' title='bbox 560 4668 650 4724; x_wconf 84' lang='lat' dir='ltr'><strong>dei</strong></span> <span class='ocrx_word' id='word_1_556' title='bbox 676 4670 893 4739; x_wconf 77' lang='lat' dir='ltr'><strong>fortius</strong></span> <span class='ocrx_word' id='word_1_557' title='bbox 932 4675 1012 4723; x_wconf 80' lang='lat' dir='ltr'><strong>est</strong></span> <span class='ocrx_word' id='word_1_558' title='bbox 1056 4670 1365 4724; x_wconf 76' lang='lat' dir='ltr'><strong>hominibus</strong></span> <span class='ocrx_word' id='word_1_559' title='bbox 1415 4674 1468 4723; x_wconf 84' lang='lat' dir='ltr'><strong>et</strong></span> <span class='ocrx_word' id='word_1_560' title='bbox 1502 4670 1730 4723; x_wconf 74' lang='lat' dir='ltr'><strong>stultum</strong></span> <span class='ocrx_word' id='word_1_561' title='bbox 1765 4668 1855 4722; x_wconf 81' lang='lat' dir='ltr'><strong>dei</strong></span> <span class='ocrx_word' id='word_1_562' title='bbox 1889 4669 2200 4738; x_wconf 63' lang='lat' dir='ltr'><strong>sapientius</strong></span> <span class='ocrx_word' id='word_1_563' title='bbox 2236 4675 2316 4723; x_wconf 77' lang='lat' dir='ltr'><strong>est</strong></span> <span class='ocrx_word' id='word_1_564' title='bbox 2349 4669 2658 4722; x_wconf 74' lang='lat' dir='ltr'><strong>hominibus</strong></span> <span class='ocrx_word' id='word_1_565' title='bbox 2692 4668 2762 4722; x_wconf 89' lang='lat' dir='ltr'><strong>de</strong></span> <span class='ocrx_word' id='word_1_566' title='bbox 2798 4665 3011 4722; x_wconf 83' lang='lat' dir='ltr'><strong>civitat.</strong></span> <span class='ocrx_word' id='word_1_567' title='bbox 3050 4666 3137 4720; x_wconf 91' lang='lat' dir='ltr'><strong>dei</strong></span> <span class='ocrx_word' id='word_1_568' title='bbox 3172 4667 3253 4731; x_wconf 91' lang='grc'><strong>16,</strong></span> <span class='ocrx_word' id='word_1_569' title='bbox 3290 4667 3324 4720; x_wconf 90' lang='grc'>2</span> <span class='ocrx_word' id='word_1_570' title='bbox 3373 4668 3522 4737; x_wconf 75' lang='lat' dir='ltr'><strong>quod</strong></span> <span class='ocrx_word' id='word_1_571' title='bbox 3554 4668 3827 4735; x_wconf 74' lang='lat' dir='ltr'><strong>infirmnm</strong></span> <span class='ocrx_word' id='word_1_572' title='bbox 3868 4677 3947 4723; x_wconf 77' lang='lat' dir='ltr'><strong>est</strong></span> <span class='ocrx_word' id='word_1_573' title='bbox 3982 4669 4072 4724; x_wconf 78' lang='lat' dir='ltr'><strong>dei</strong></span> <span class='ocrx_word' id='word_1_574' title='bbox 4096 4672 4314 4740; x_wconf 74' lang='lat' dir='ltr'><strong>fortius</strong></span> 
     </span>
     <span class='ocr_line' id='line_1_117' title="bbox 561 4752 4318 4826; baseline 0.002 -17"><span class='ocrx_word' id='word_1_575' title='bbox 561 4761 641 4810; x_wconf 77' lang='lat' dir='ltr'><strong>est</strong></span> <span class='ocrx_word' id='word_1_576' title='bbox 673 4754 983 4809; x_wconf 73' lang='lat' dir='ltr'><strong>hominibus</strong></span> <span class='ocrx_word' id='word_1_577' title='bbox 1030 4752 1091 4807; x_wconf 90' lang='lat' dir='ltr'><strong>in</strong></span> <span class='ocrx_word' id='word_1_578' title='bbox 1127 4753 1225 4806; x_wconf 90' lang='lat' dir='ltr'><strong>Iob</strong></span> <span class='ocrx_word' id='word_1_579' title='bbox 1261 4753 1344 4806; x_wconf 85' lang='lat'><strong>37.</strong></span> <span class='ocrx_word' id='word_1_580' title='bbox 1399 4783 1465 4791; x_wconf 94' lang='lat'>—</span> <span class='ocrx_word' id='word_1_581' title='bbox 1520 4754 1547 4783; x_wconf 74' lang='lat'><strong>‘¹</strong></span> <span class='ocrx_word' id='word_1_582' title='bbox 1584 4752 1641 4807; x_wconf 89' lang='lat' dir='ltr'><strong>in</strong></span> <span class='ocrx_word' id='word_1_583' title='bbox 1677 4753 1795 4807; x_wconf 86' lang='lat' dir='ltr'><strong>Ioh.</strong></span> <span class='ocrx_word' id='word_1_584' title='bbox 1832 4771 2028 4824; x_wconf 81' lang='lat' dir='ltr'><strong>evang.</strong></span> <span class='ocrx_word' id='word_1_585' title='bbox 2065 4752 2114 4817; x_wconf 81' lang='lat'><strong>7,</strong></span> <span class='ocrx_word' id='word_1_586' title='bbox 2154 4754 2234 4806; x_wconf 89' lang='grc'><strong>17.</strong></span> <span class='ocrx_word' id='word_1_587' title='bbox 2273 4781 2339 4792; x_wconf 91' lang='lat'><em>-</em></span> <span class='ocrx_word' id='word_1_588' title='bbox 2391 4753 2456 4783; x_wconf 78' lang='lat'><strong>*¹</strong></span> <span class='ocrx_word' id='word_1_589' title='bbox 2492 4752 2551 4807; x_wconf 88' lang='lat' dir='ltr'><strong>in</strong></span> <span class='ocrx_word' id='word_1_590' title='bbox 2599 4754 2791 4823; x_wconf 82' lang='lat' dir='ltr'><strong>psalm.</strong></span> <span class='ocrx_word' id='word_1_591' title='bbox 2842 4752 2926 4818; x_wconf 87' lang='lat'><strong>65,</strong></span> <span class='ocrx_word' id='word_1_592' title='bbox 2964 4754 3014 4806; x_wconf 90' lang='lat'><strong>4.</strong></span> <span class='ocrx_word' id='word_1_593' title='bbox 3062 4782 3127 4792; x_wconf 90' lang='lat'>—</span> <span class='ocrx_word' id='word_1_594' title='bbox 3181 4754 3260 4806; x_wconf 85' lang='lat'><strong>15.</strong></span> <span class='ocrx_word' id='word_1_595' title='bbox 3311 4752 3423 4808; x_wconf 31' lang='lat' dir='ltr'><strong>sed.</strong></span> <span class='ocrx_word' id='word_1_596' title='bbox 3455 4754 3631 4807; x_wconf 76' lang='lat' dir='ltr'><strong>stulta</strong></span> <span class='ocrx_word' id='word_1_597' title='bbox 3681 4753 3872 4807; x_wconf 79' lang='lat' dir='ltr'><strong>mundi</strong></span> <span class='ocrx_word' id='word_1_598' title='bbox 3910 4785 3967 4794; x_wconf 90' lang='lat'><em>-</em></span> <span class='ocrx_word' id='word_1_599' title='bbox 4009 4758 4318 4826; x_wconf 78' lang='lat' dir='ltr'><strong>confundat</strong></span> 
     </span>
     <span class='ocr_line' id='line_1_118' title="bbox 556 4838 4319 4910; baseline 0.002 -16"><span class='ocrx_word' id='word_1_600' title='bbox 556 4841 830 4909; x_wconf 75' lang='lat' dir='ltr'><strong>sapientes</strong></span> <span class='ocrx_word' id='word_1_601' title='bbox 858 4839 1002 4894; x_wconf 88' lang='lat' dir='ltr'><strong>fehlt</strong></span> <span class='ocrx_word' id='word_1_602' title='bbox 1036 4838 1097 4893; x_wconf 89' lang='lat' dir='ltr'><strong>in</strong></span> <span class='ocrx_word' id='word_1_603' title='bbox 1132 4838 1248 4893; x_wconf 83' lang='lat' dir='ltr'><strong>Ioh.</strong></span> <span class='ocrx_word' id='word_1_604' title='bbox 1287 4854 1487 4909; x_wconf 83' lang='lat' dir='ltr'><strong>evang.</strong></span> <span class='ocrx_word' id='word_1_605' title='bbox 1525 4840 1574 4904; x_wconf 85' lang='lat'><strong>7,</strong></span> <span class='ocrx_word' id='word_1_606' title='bbox 1617 4839 1709 4904; x_wconf 76' lang='lat'><strong>173</strong></span> <span class='ocrx_word' id='word_1_607' title='bbox 1763 4857 1831 4892; x_wconf 82' lang='lat' dir='ltr'><strong>zu</strong></span> <span class='ocrx_word' id='word_1_608' title='bbox 1867 4840 1965 4893; x_wconf 85' lang='lat' dir='ltr'><strong>der</strong></span> <span class='ocrx_word' id='word_1_609' title='bbox 2001 4855 2212 4910; x_wconf 78' lang='lat' dir='ltr'><strong>ganzen</strong></span> <span class='ocrx_word' id='word_1_610' title='bbox 2248 4838 2418 4893; x_wconf 88' lang='lat' dir='ltr'><strong>Stelle</strong></span> <span class='ocrx_word' id='word_1_611' title='bbox 2456 4839 2568 4907; x_wconf 84' lang='lat' dir='ltr'><strong>vgl.</strong></span> <span class='ocrx_word' id='word_1_612' title='bbox 2615 4841 2684 4893; x_wconf 87' lang='lat' dir='ltr'><strong>de</strong></span> <span class='ocrx_word' id='word_1_613' title='bbox 2719 4855 2866 4907; x_wconf 82' lang='lat' dir='ltr'><strong>oper.</strong></span> <span class='ocrx_word' id='word_1_614' title='bbox 2905 4839 3158 4893; x_wconf 79' lang='lat' dir='ltr'><strong>monach.</strong></span> <span class='ocrx_word' id='word_1_615' title='bbox 3195 4839 3261 4891; x_wconf 90' lang='grc'><strong>25</strong></span> <span class='ocrx_word' id='word_1_616' title='bbox 3313 4845 3365 4893; x_wconf 81' lang='lat' dir='ltr'><strong>et</strong></span> <span class='ocrx_word' id='word_1_617' title='bbox 3409 4839 3631 4907; x_wconf 77' lang='lat' dir='ltr'><strong>infirma</strong></span> <span class='ocrx_word' id='word_1_618' title='bbox 3667 4839 3857 4892; x_wconf 79' lang='lat' dir='ltr'><strong>mundi</strong></span> <span class='ocrx_word' id='word_1_619' title='bbox 3893 4840 4052 4910; x_wconf 72' lang='lat' dir='ltr'><strong>eleyit</strong></span> <span class='ocrx_word' id='word_1_620' title='bbox 4086 4843 4220 4900; x_wconf 77' lang='lat' dir='ltr'><strong>deus</strong></span> <span class='ocrx_word' id='word_1_621' title='bbox 4253 4854 4319 4904; x_wconf 78' lang='lat' dir='ltr'><strong>ut</strong></span> 
     </span>
     <span class='ocr_line' id='line_1_119' title="bbox 560 4923 4320 5004; baseline 0.003 -26"><span class='ocrx_word' id='word_1_622' title='bbox 560 4925 974 4993; x_wconf 77' lang='lat' dir='ltr'><strong>confunderet</strong></span> <span class='ocrx_word' id='word_1_623' title='bbox 999 4926 1187 4994; x_wconf 76' lang='lat' dir='ltr'><strong>fortia</strong></span> <span class='ocrx_word' id='word_1_624' title='bbox 1224 4932 1276 4980; x_wconf 81' lang='lat' dir='ltr'><strong>et</strong></span> <span class='ocrx_word' id='word_1_625' title='bbox 1309 4925 1484 4979; x_wconf 77' lang='lat' dir='ltr'><strong>stulta</strong></span> <span class='ocrx_word' id='word_1_626' title='bbox 1521 4925 1714 4979; x_wconf 75' lang='lat' dir='ltr'><strong>mundi</strong></span> <span class='ocrx_word' id='word_1_627' title='bbox 1750 4926 1911 4995; x_wconf 76' lang='lat' dir='ltr'><strong>eleyit</strong></span> <span class='ocrx_word' id='word_1_628' title='bbox 1943 4931 2006 4980; x_wconf 81' lang='lat' dir='ltr'><strong>ut</strong></span> <span class='ocrx_word' id='word_1_629' title='bbox 2039 4923 2460 4993; x_wconf 78' lang='lat' dir='ltr'><strong>confunderet</strong></span> <span class='ocrx_word' id='word_1_630' title='bbox 2495 4926 2771 4992; x_wconf 76' lang='lat' dir='ltr'><strong>sapientes</strong></span> <span class='ocrx_word' id='word_1_631' title='bbox 2809 4925 2922 4977; x_wconf 88' lang='lat' dir='ltr'><strong>und</strong></span> <span class='ocrx_word' id='word_1_632' title='bbox 2960 4924 3018 4978; x_wconf 89' lang='lat' dir='ltr'><strong>in</strong></span> <span class='ocrx_word' id='word_1_633' title='bbox 3058 4924 3253 4994; x_wconf 81' lang='lat' dir='ltr'><strong>psalm.</strong></span> <span class='ocrx_word' id='word_1_634' title='bbox 3293 4924 3408 4988; x_wconf 86' lang='lat'><strong>149,</strong></span> <span class='ocrx_word' id='word_1_635' title='bbox 3450 4924 3512 4977; x_wconf 91' lang='grc'><strong>13</strong></span> <span class='ocrx_word' id='word_1_636' title='bbox 3562 4923 3659 4979; x_wconf 80' lang='lat' dir='ltr'><strong>sed</strong></span> <span class='ocrx_word' id='word_1_637' title='bbox 3702 4926 3879 4979; x_wconf 76' lang='lat' dir='ltr'><strong>stulta</strong></span> <span class='ocrx_word' id='word_1_638' title='bbox 3921 4929 4113 4984; x_wconf 79' lang='lat' dir='ltr'><strong>mundi</strong></span> <span class='ocrx_word' id='word_1_639' title='bbox 4159 4933 4320 5004; x_wconf 74' lang='lat' dir='ltr'><strong>eleyit</strong></span> 
     </span>
     <span class='ocr_line' id='line_1_120' title="bbox 563 5008 4318 5081; baseline 0.002 -19"><span class='ocrx_word' id='word_1_640' title='bbox 563 5009 695 5065; x_wconf 73' lang='lat' dir='ltr'><strong>deus</strong></span> <span class='ocrx_word' id='word_1_641' title='bbox 731 5019 782 5065; x_wconf 81' lang='lat' dir='ltr'><strong>et</strong></span> <span class='ocrx_word' id='word_1_642' title='bbox 813 5012 1032 5072; x_wconf 76' lang='lat' dir='ltr'><strong>infirma</strong></span> <span class='ocrx_word' id='word_1_643' title='bbox 1068 5010 1261 5064; x_wconf 78' lang='lat' dir='ltr'><strong>mundi</strong></span> <span class='ocrx_word' id='word_1_644' title='bbox 1295 5016 1360 5065; x_wconf 81' lang='lat' dir='ltr'><strong>ut</strong></span> <span class='ocrx_word' id='word_1_645' title='bbox 1393 5008 1822 5077; x_wconf 62' lang='lat' dir='ltr'><strong>confunderet</strong></span> <span class='ocrx_word' id='word_1_646' title='bbox 1847 5009 2051 5077; x_wconf 79' lang='lat' dir='ltr'><strong>fortia.</strong></span> <span class='ocrx_word' id='word_1_647' title='bbox 2095 5041 2154 5050; x_wconf 90' lang='lat'>-</span> <span class='ocrx_word' id='word_1_648' title='bbox 2193 5009 2332 5063; x_wconf 69' lang='lat' dir='ltr'><strong>”in</strong></span> <span class='ocrx_word' id='word_1_649' title='bbox 2367 5009 2482 5063; x_wconf 91' lang='lat' dir='ltr'><strong>Ioh.</strong></span> <span class='ocrx_word' id='word_1_650' title='bbox 2519 5026 2714 5079; x_wconf 83' lang='lat' dir='ltr'><strong>evang.</strong></span> <span class='ocrx_word' id='word_1_651' title='bbox 2745 5010 2793 5074; x_wconf 81' lang='lat'><strong>7,</strong></span> <span class='ocrx_word' id='word_1_652' title='bbox 2836 5011 2915 5064; x_wconf 85' lang='grc'><strong>17.</strong></span> <span class='ocrx_word' id='word_1_653' title='bbox 2953 5040 3019 5049; x_wconf 91' lang='grc'><strong>--</strong></span> <span class='ocrx_word' id='word_1_654' title='bbox 3056 5011 3138 5064; x_wconf 87' lang='grc'><strong>21.</strong></span> <span class='ocrx_word' id='word_1_655' title='bbox 3177 5011 3567 5065; x_wconf 75' lang='lat' dir='ltr'><strong>contemtibilia</strong></span> <span class='ocrx_word' id='word_1_656' title='bbox 3602 5008 3661 5063; x_wconf 91' lang='lat' dir='ltr'><strong>in</strong></span> <span class='ocrx_word' id='word_1_657' title='bbox 3702 5010 3893 5079; x_wconf 87' lang='lat' dir='ltr'><strong>psalm.</strong></span> <span class='ocrx_word' id='word_1_658' title='bbox 3936 5013 4050 5077; x_wconf 85' lang='lat'><strong>149,</strong></span> <span class='ocrx_word' id='word_1_659' title='bbox 4093 5016 4177 5081; x_wconf 87' lang='lat'><strong>13;</strong></span> <span class='ocrx_word' id='word_1_660' title='bbox 4218 5019 4318 5073; x_wconf 78' lang='lat' dir='ltr'><strong>da-</strong></span> 
     </span>
     <span class='ocr_line' id='line_1_121' title="bbox 563 5093 4319 5176; baseline 0.002 -27"><span class='ocrx_word' id='word_1_661' title='bbox 563 5111 739 5165; x_wconf 83' lang='lat' dir='ltr'><strong>gegen</strong></span> <span class='ocrx_word' id='word_1_662' title='bbox 773 5097 913 5150; x_wconf 81' lang='lat' dir='ltr'><strong>fehlt</strong></span> <span class='ocrx_word' id='word_1_663' title='bbox 950 5114 1008 5151; x_wconf 80' lang='lat' dir='ltr'><strong>es</strong></span> <span class='ocrx_word' id='word_1_664' title='bbox 1042 5096 1102 5151; x_wconf 89' lang='lat' dir='ltr'><strong>in</strong></span> <span class='ocrx_word' id='word_1_665' title='bbox 1138 5096 1334 5166; x_wconf 82' lang='lat' dir='ltr'><strong>psalm.</strong></span> <span class='ocrx_word' id='word_1_666' title='bbox 1366 5095 1451 5158; x_wconf 86' lang='lat'><strong>65,</strong></span> <span class='ocrx_word' id='word_1_667' title='bbox 1485 5096 1520 5148; x_wconf 89' lang='lat'>4</span> <span class='ocrx_word' id='word_1_668' title='bbox 1557 5096 1625 5150; x_wconf 88' lang='lat' dir='ltr'><strong>de</strong></span> <span class='ocrx_word' id='word_1_669' title='bbox 1664 5112 1811 5164; x_wconf 87' lang='lat' dir='ltr'><strong>oper.</strong></span> <span class='ocrx_word' id='word_1_670' title='bbox 1848 5095 2098 5149; x_wconf 87' lang='lat' dir='ltr'><strong>monach.</strong></span> <span class='ocrx_word' id='word_1_671' title='bbox 2134 5095 2218 5148; x_wconf 89' lang='grc'><strong>25.</strong></span> <span class='ocrx_word' id='word_1_672' title='bbox 2258 5124 2324 5134; x_wconf 83' lang='lat'><strong>--</strong></span> <span class='ocrx_word' id='word_1_673' title='bbox 2361 5093 2460 5176; x_wconf 50' lang='lat'><strong>234</strong></span> <span class='ocrx_word' id='word_1_674' title='bbox 2487 5100 2766 5173; x_wconf 55' lang='lat' dir='ltr'><strong>tanguam</strong></span> <span class='ocrx_word' id='word_1_675' title='bbox 2807 5111 2947 5164; x_wconf 80' lang='lat' dir='ltr'><strong>quae</strong></span> <span class='ocrx_word' id='word_1_676' title='bbox 2982 5097 3107 5150; x_wconf 75' lang='lat' dir='ltr'><strong>sint.</strong></span> <span class='ocrx_word' id='word_1_677' title='bbox 3177 5094 3280 5151; x_wconf 85' lang='lat' dir='ltr'><strong>Die</strong></span> <span class='ocrx_word' id='word_1_678' title='bbox 3317 5095 3617 5165; x_wconf 79' lang='lat' dir='ltr'><strong>Ausgaben</strong></span> <span class='ocrx_word' id='word_1_679' title='bbox 3654 5095 3834 5150; x_wconf 86' lang='lat' dir='ltr'><strong>haben</strong></span> <span class='ocrx_word' id='word_1_680' title='bbox 3873 5103 4034 5168; x_wconf 77' lang='lat' dir='ltr'><strong>tamq.</strong></span> <span class='ocrx_word' id='word_1_681' title='bbox 4076 5118 4125 5169; x_wconf 80' lang='lat' dir='ltr'><strong>q.</strong></span> <span class='ocrx_word' id='word_1_682' title='bbox 4158 5109 4319 5174; x_wconf 81' lang='lat' dir='ltr'><strong>sunt;</strong></span> 
     </span>
     <span class='ocr_line' id='line_1_122' title="bbox 561 5178 4317 5252; baseline 0.003 -20"><span class='ocrx_word' id='word_1_683' title='bbox 561 5179 733 5234; x_wconf 87' lang='lat' dir='ltr'><strong>allein</strong></span> <span class='ocrx_word' id='word_1_684' title='bbox 775 5182 891 5236; x_wconf 85' lang='lat' dir='ltr'><strong>cod.</strong></span> <span class='ocrx_word' id='word_1_685' title='bbox 925 5182 1136 5237; x_wconf 91' lang='lat' dir='ltr'><strong>Monac.</strong></span> <span class='ocrx_word' id='word_1_686' title='bbox 1168 5183 1268 5235; x_wconf 89' lang='lat' dir='ltr'><strong>lat.</strong></span> <span class='ocrx_word' id='word_1_687' title='bbox 1319 5181 1454 5234; x_wconf 85' lang='lat'><strong>6287</strong></span> <span class='ocrx_word' id='word_1_688' title='bbox 1492 5180 1747 5252; x_wconf 79' lang='lat' dir='ltr'><strong>(Frising.</strong></span> <span class='ocrx_word' id='word_1_689' title='bbox 1792 5180 1882 5250; x_wconf 87' lang='lat'><strong>87)</strong></span> <span class='ocrx_word' id='word_1_690' title='bbox 1933 5181 2034 5234; x_wconf 84' lang='lat' dir='ltr'><strong>hat</strong></span> <span class='ocrx_word' id='word_1_691' title='bbox 2080 5180 2329 5235; x_wconf 82' lang='lat' dir='ltr'><strong>deutlich</strong></span> <span class='ocrx_word' id='word_1_692' title='bbox 2367 5178 2804 5244; x_wconf 86' lang='lat' dir='ltr'><strong>TAQUASINT,</strong></span> <span class='ocrx_word' id='word_1_693' title='bbox 2859 5181 3034 5236; x_wconf 79' lang='lat' dir='ltr'><strong>wobei</strong></span> <span class='ocrx_word' id='word_1_694' title='bbox 3072 5198 3212 5251; x_wconf 78' lang='lat' dir='ltr'><strong>quae</strong></span> <span class='ocrx_word' id='word_1_695' title='bbox 3248 5199 3348 5236; x_wconf 85' lang='lat' dir='ltr'><strong>aus</strong></span> <span class='ocrx_word' id='word_1_696' title='bbox 3395 5180 3569 5236; x_wconf 84' lang='lat' dir='ltr'><strong>leicht</strong></span> <span class='ocrx_word' id='word_1_697' title='bbox 3613 5181 4005 5252; x_wconf 87' lang='lat' dir='ltr'><strong>begreiflichen</strong></span> <span class='ocrx_word' id='word_1_698' title='bbox 4055 5186 4317 5245; x_wconf 76' lang='lat' dir='ltr'><strong>Grltnden</strong></span> 
     </span>
     <span class='ocr_line' id='line_1_123' title="bbox 565 5265 4318 5341; baseline 0.002 -22"><span class='ocrx_word' id='word_1_699' title='bbox 565 5265 928 5335; x_wconf 82' lang='lat' dir='ltr'><strong>weggefallen</strong></span> <span class='ocrx_word' id='word_1_700' title='bbox 962 5266 1065 5331; x_wconf 73' lang='lat' dir='ltr'><strong>itt3</strong></span> <span class='ocrx_word' id='word_1_701' title='bbox 1118 5274 1396 5337; x_wconf 76' lang='lat' dir='ltr'><strong>tamquam</strong></span> <span class='ocrx_word' id='word_1_702' title='bbox 1444 5269 1557 5321; x_wconf 76' lang='lat' dir='ltr'><strong>sint</strong></span> <span class='ocrx_word' id='word_1_703' title='bbox 1604 5267 1777 5321; x_wconf 87' lang='lat' dir='ltr'><strong>findet</strong></span> <span class='ocrx_word' id='word_1_704' title='bbox 1811 5266 1928 5321; x_wconf 86' lang='lat' dir='ltr'><strong>sich</strong></span> <span class='ocrx_word' id='word_1_705' title='bbox 1981 5268 2049 5322; x_wconf 88' lang='lat' dir='ltr'><strong>de</strong></span> <span class='ocrx_word' id='word_1_706' title='bbox 2084 5284 2231 5337; x_wconf 88' lang='lat' dir='ltr'><strong>oper.</strong></span> <span class='ocrx_word' id='word_1_707' title='bbox 2270 5267 2518 5323; x_wconf 86' lang='lat' dir='ltr'><strong>monach.</strong></span> <span class='ocrx_word' id='word_1_708' title='bbox 2557 5268 2643 5322; x_wconf 84' lang='lat'><strong>25.</strong></span> <span class='ocrx_word' id='word_1_709' title='bbox 2718 5275 2997 5338; x_wconf 74' lang='lat' dir='ltr'><strong>tamquam</strong></span> <span class='ocrx_word' id='word_1_710' title='bbox 3034 5286 3173 5339; x_wconf 78' lang='lat' dir='ltr'><strong>quae</strong></span> <span class='ocrx_word' id='word_1_711' title='bbox 3226 5279 3357 5327; x_wconf 75' lang='lat' dir='ltr'><strong>sunt</strong></span> <span class='ocrx_word' id='word_1_712' title='bbox 3391 5271 3449 5325; x_wconf 89' lang='lat' dir='ltr'><strong>in</strong></span> <span class='ocrx_word' id='word_1_713' title='bbox 3487 5271 3681 5340; x_wconf 84' lang='lat' dir='ltr'><strong>psalm.</strong></span> <span class='ocrx_word' id='word_1_714' title='bbox 3717 5269 3802 5331; x_wconf 88' lang='lat'><strong>65,</strong></span> <span class='ocrx_word' id='word_1_715' title='bbox 3841 5271 3877 5322; x_wconf 85' lang='lat'>4</span> <span class='ocrx_word' id='word_1_716' title='bbox 3928 5276 4205 5341; x_wconf 76' lang='lat' dir='ltr'><strong>tamquam</strong></span> <span class='ocrx_word' id='word_1_717' title='bbox 4252 5291 4318 5331; x_wconf 77' lang='grc' dir='ltr'><strong>εα</strong></span> 
     </span>
     <span class='ocr_line' id='line_1_124' title="bbox 564 5349 4315 5423; baseline 0.002 -18"><span class='ocrx_word' id='word_1_718' title='bbox 564 5366 705 5420; x_wconf 75' lang='lat' dir='ltr'><strong>quae</strong></span> <span class='ocrx_word' id='word_1_719' title='bbox 742 5357 870 5404; x_wconf 75' lang='lat' dir='ltr'><strong>sunt</strong></span> <span class='ocrx_word' id='word_1_720' title='bbox 903 5349 961 5403; x_wconf 89' lang='lat' dir='ltr'><strong>in</strong></span> <span class='ocrx_word' id='word_1_721' title='bbox 999 5351 1191 5420; x_wconf 85' lang='lat' dir='ltr'><strong>psalm.</strong></span> <span class='ocrx_word' id='word_1_722' title='bbox 1236 5352 1350 5415; x_wconf 88' lang='lat'><strong>149,</strong></span> <span class='ocrx_word' id='word_1_723' title='bbox 1389 5352 1470 5405; x_wconf 87' lang='lat'><strong>13.</strong></span> <span class='ocrx_word' id='word_1_724' title='bbox 1509 5381 1574 5391; x_wconf 91' lang='lat'>—</span> <span class='ocrx_word' id='word_1_725' title='bbox 1625 5351 1709 5405; x_wconf 83' lang='lat'><strong>24.</strong></span> <span class='ocrx_word' id='word_1_726' title='bbox 1744 5359 1807 5406; x_wconf 81' lang='lat' dir='ltr'><strong>ut</strong></span> <span class='ocrx_word' id='word_1_727' title='bbox 1845 5369 1909 5406; x_wconf 82' lang='lat' dir='ltr'><strong>ea</strong></span> <span class='ocrx_word' id='word_1_728' title='bbox 1945 5368 2086 5422; x_wconf 75' lang='lat' dir='ltr'><strong>quae</strong></span> <span class='ocrx_word' id='word_1_729' title='bbox 2120 5359 2250 5408; x_wconf 75' lang='lat' dir='ltr'><strong>sunt</strong></span> <span class='ocrx_word' id='word_1_730' title='bbox 2288 5361 2621 5408; x_wconf 78' lang='lat' dir='ltr'><strong>euacuentm·</strong></span> <span class='ocrx_word' id='word_1_731' title='bbox 2654 5353 2714 5407; x_wconf 89' lang='lat' dir='ltr'><strong>in</strong></span> <span class='ocrx_word' id='word_1_732' title='bbox 2749 5354 2941 5423; x_wconf 88' lang='lat' dir='ltr'><strong>psalm.</strong></span> <span class='ocrx_word' id='word_1_733' title='bbox 2978 5355 3062 5420; x_wconf 87' lang='grc'><strong>65,</strong></span> <span class='ocrx_word' id='word_1_734' title='bbox 3096 5357 3131 5409; x_wconf 90' lang='lat'>4</span> <span class='ocrx_word' id='word_1_735' title='bbox 3164 5357 3279 5410; x_wconf 88' lang='lat' dir='ltr'><strong>und</strong></span> <span class='ocrx_word' id='word_1_736' title='bbox 3320 5357 3434 5420; x_wconf 89' lang='grc'><strong>149,</strong></span> <span class='ocrx_word' id='word_1_737' title='bbox 3476 5356 3539 5410; x_wconf 83' lang='grc'><strong>13</strong></span> <span class='ocrx_word' id='word_1_738' title='bbox 3575 5356 3643 5409; x_wconf 88' lang='lat' dir='ltr'><strong>de</strong></span> <span class='ocrx_word' id='word_1_739' title='bbox 3682 5370 3828 5422; x_wconf 89' lang='lat' dir='ltr'><strong>oper.</strong></span> <span class='ocrx_word' id='word_1_740' title='bbox 3865 5357 4114 5412; x_wconf 88' lang='lat' dir='ltr'><strong>monach.</strong></span> <span class='ocrx_word' id='word_1_741' title='bbox 4153 5361 4315 5413; x_wconf 88' lang='lat'><strong>25.—</strong></span> 
     </span>
    </p>
   </div>
   <div class='ocr_carea' id='block_1_15' title="bbox 560 5436 1327 5505">
    <p class='ocr_par' dir='ltr' id='par_1_18' title="bbox 560 5436 1327 5505">
     <span class='ocr_line' id='line_1_125' title="bbox 560 5436 1327 5505; baseline 0.005 -18"><span class='ocrx_word' id='word_1_742' title='bbox 560 5436 626 5467; x_wconf 76' lang='lat'><strong>*⁴</strong></span> <span class='ocrx_word' id='word_1_743' title='bbox 665 5436 734 5489; x_wconf 88' lang='lat' dir='ltr'><strong>de</strong></span> <span class='ocrx_word' id='word_1_744' title='bbox 771 5451 916 5505; x_wconf 84' lang='lat' dir='ltr'><strong>oper.</strong></span> <span class='ocrx_word' id='word_1_745' title='bbox 954 5437 1203 5490; x_wconf 87' lang='lat' dir='ltr'><strong>monach.</strong></span> <span class='ocrx_word' id='word_1_746' title='bbox 1241 5438 1327 5491; x_wconf 83' lang='lat'><strong>25.</strong></span> 
     </span>
    </p>
   </div>
   <div class='ocr_carea' id='block_1_16' title="bbox 420 5520 2877 5690">
    <p class='ocr_par' dir='ltr' id='par_1_19' title="bbox 420 5520 2877 5690">
     <span class='ocr_line' id='line_1_126' title="bbox 420 5520 2877 5594; baseline 0.001 -17"><span class='ocrx_word' id='word_1_747' title='bbox 420 5523 490 5577; x_wconf 77' lang='grc' dir='ltr'><strong>ΙΙ</strong></span> <span class='ocrx_word' id='word_1_748' title='bbox 561 5522 611 5576; x_wconf 84' lang='grc'><strong>3.</strong></span> <span class='ocrx_word' id='word_1_749' title='bbox 647 5521 827 5590; x_wconf 78' lang='lat' dir='ltr'><strong>adque</strong></span> <span class='ocrx_word' id='word_1_750' title='bbox 857 5523 1072 5592; x_wconf 65' lang='lat' dir='ltr'><strong>,qv-accis</strong></span> <span class='ocrx_word' id='word_1_751' title='bbox 1106 5520 1189 5577; x_wconf 72' lang='lat' dir='ltr'><strong>fu.</strong></span> <span class='ocrx_word' id='word_1_752' title='bbox 1259 5522 1343 5576; x_wconf 91' lang='grc'><strong>21.</strong></span> <span class='ocrx_word' id='word_1_753' title='bbox 1386 5529 1440 5578; x_wconf 75' lang='lat' dir='ltr'><strong>et</strong></span> <span class='ocrx_word' id='word_1_754' title='bbox 1472 5523 1740 5593; x_wconf 63' lang='lat' dir='ltr'><strong>ignobilia</strong></span> <span class='ocrx_word' id='word_1_755' title='bbox 1778 5523 1971 5577; x_wconf 76' lang='lat' dir='ltr'><strong>mundi</strong></span> <span class='ocrx_word' id='word_1_756' title='bbox 2005 5529 2058 5578; x_wconf 81' lang='lat' dir='ltr'><strong>et</strong></span> <span class='ocrx_word' id='word_1_757' title='bbox 2092 5526 2525 5594; x_wconf 75' lang='lat' dir='ltr'><strong>contemptibilia</strong></span> <span class='ocrx_word' id='word_1_758' title='bbox 2564 5525 2757 5580; x_wconf 77' lang='lat' dir='ltr'><strong>mundi</strong></span> <span class='ocrx_word' id='word_1_759' title='bbox 2793 5525 2877 5580; x_wconf 77' lang='lat' dir='ltr'><strong>fu.</strong></span> 
     </span>
     <span class='ocr_line' id='line_1_127' title="bbox 2110 5624 2651 5690; baseline 0.007 -13"><span class='ocrx_word' id='word_1_760' title='bbox 2110 5626 2135 5677; x_wconf 93' lang='lat'>1</span> <span class='ocrx_word' id='word_1_761' title='bbox 2176 5624 2295 5679; x_wconf 88' lang='lat' dir='ltr'><strong>Cor.</strong></span> <span class='ocrx_word' id='word_1_762' title='bbox 2340 5626 2387 5690; x_wconf 90' lang='lat'><strong>1,</strong></span> <span class='ocrx_word' id='word_1_763' title='bbox 2427 5626 2651 5682; x_wconf 82' lang='lat'><strong>24—30.</strong></span> 
     </span>
    </p>
   </div>
   <div class='ocr_carea' id='block_1_17' title="bbox 568 4152 4317 4226">
    <p class='ocr_par' dir='ltr' id='par_1_20' title="bbox 568 4152 4317 4226">
     <span class='ocr_line' id='line_1_128' title="bbox 568 4152 4317 4226; baseline 0.001 -15"><span class='ocrx_word' id='word_1_764' title='bbox 568 4158 615 4211; x_wconf 82' lang='lat'><strong>3.</strong></span> <span class='ocrx_word' id='word_1_765' title='bbox 655 4164 706 4212; x_wconf 82' lang='lat' dir='ltr'><strong>ct</strong></span> <span class='ocrx_word' id='word_1_766' title='bbox 741 4157 970 4212; x_wconf 74' lang='lat' dir='ltr'><strong>Graecis</strong></span> <span class='ocrx_word' id='word_1_767' title='bbox 1007 4157 1069 4221; x_wconf 79' lang='lat'><strong>«1,</strong></span> <span class='ocrx_word' id='word_1_768' title='bbox 1121 4155 1376 4226; x_wconf 78' lang='lat' dir='ltr'><strong>Cyprian.</strong></span> <span class='ocrx_word' id='word_1_769' title='bbox 1395 4197 1407 4219; x_wconf 93' lang='lat'><strong>,</strong></span> <span class='ocrx_word' id='word_1_770' title='bbox 1459 4156 1624 4210; x_wconf 86' lang='lat' dir='ltr'><strong>Auct.</strong></span> <span class='ocrx_word' id='word_1_771' title='bbox 1679 4157 1872 4210; x_wconf 85' lang='lat' dir='ltr'><strong>contra</strong></span> <span class='ocrx_word' id='word_1_772' title='bbox 1919 4155 2040 4209; x_wconf 86' lang='lat' dir='ltr'><strong>Iud.</strong></span> <span class='ocrx_word' id='word_1_773' title='bbox 2112 4157 2193 4210; x_wconf 89' lang='lat'><strong>15.</strong></span> <span class='ocrx_word' id='word_1_774' title='bbox 2243 4157 2417 4213; x_wconf 78' lang='lat' dir='ltr'><strong>stulta</strong></span> <span class='ocrx_word' id='word_1_775' title='bbox 2463 4155 2658 4211; x_wconf 80' lang='lat' dir='ltr'><strong>mundi</strong></span> <span class='ocrx_word' id='word_1_776' title='bbox 2692 4153 2926 4209; x_wconf 86' lang='lat' dir='ltr'><strong>Tertull.</strong></span> <span class='ocrx_word' id='word_1_777' title='bbox 2946 4194 2958 4218; x_wconf 93' lang='lat'><strong>,</strong></span> <span class='ocrx_word' id='word_1_778' title='bbox 3005 4152 3253 4219; x_wconf 88' lang='lat' dir='ltr'><strong>Paulin.,</strong></span> <span class='ocrx_word' id='word_1_779' title='bbox 3293 4153 3657 4210; x_wconf 85' lang='lat' dir='ltr'><strong>Ambrosiast.</strong></span> <span class='ocrx_word' id='word_1_780' title='bbox 3675 4196 3689 4220; x_wconf 92' lang='lat'><strong>,</strong></span> <span class='ocrx_word' id='word_1_781' title='bbox 3740 4156 4014 4222; x_wconf 63' lang='lat' dir='ltr'><strong>Ambros„</strong></span> <span class='ocrx_word' id='word_1_782' title='bbox 4054 4160 4216 4215; x_wconf 88' lang='lat' dir='ltr'><strong>Auct.</strong></span> <span class='ocrx_word' id='word_1_783' title='bbox 4250 4163 4317 4216; x_wconf 92' lang='lat' dir='ltr'><strong>de</strong></span> 
     </span>
    </p>
   </div>
  </div>
 </body>
</html>
