5117 6800
2641 985 2736 1054 90

2239 1269 2382 1369 Ad
2442 1270 2964 1372 Corinthios
3018 1272 3126 1370 H.

1146 1486 1237 1555 A
2142 1490 2237 1557 n
3156 1490 3230 1559 c
4127 1488 4224 1557 ιι

757 1617 801 1682 Ι.
831 1620 872 1683 ¹.

758 1724 1029 1789 Παυλοσ
1100 1726 1480 1791 αποστολοο·
1547 1749 1629 1807 xv

757 1853 819 1893 tv
885 1831 995 1894 δια
1074 1832 1460 1916 θεληματοσ
1531 1836 1627 1897 &v

757 1961 863 2002 και
888 1943 1242 2019 τειμοθεοσ
1269 1962 1304 2002 o
1333 1940 1628 2023 αδελφοσ

706 2061 835 2129 5τη
896 2046 1193 2129 εκκλησια
1241 2069 1357 2109 του
1410 2051 1506 2110 &v
1544 2070 1625 2130 τη

757 2169 917 2236 ουση
944 2175 1014 2215 εν
1035 2158 1316 2234 κορινθω
1336 2168 1460 2218 συν
1479 2171 1625 2220 ‘coto

757 2275 965 2337 αγιοισ
1026 2275 1196 2323 πασι
1267 2276 1410 2324 voto
1479 2278 1627 2326 ουσι

756 2388 826 2428 εν
868 2365 982 2450 oh]
1021 2388 1099 2448 τη
1150 2389 1350 2446 αχαια
1393 2368 1620 2449 Ἰχιιερισ

755 2494 908 2553 υμιν
937 2495 1043 2535 και
1097 2496 1308 2555 stom-r]
1352 2496 1488 2535 απο
1530 2477 1627 2536 {iv

671 2575 737 2630 10
756 2596 1015 2660 πατροσ
1028 2602 1208 2662 mum·
1227 2602 1334 2642 και
1356 2601 1433 2641 xv
1458 2602 1520 2641 cv
1544 2602 1624 2659 xv

757 2789 1145 2872 *ευλυγητοσ
1225 2813 1260 2854 ο
1339 2794 1441 2854 θσ
1518 2814 1625 2856 και

756 2919 973 2979 memo
1027 2918 1143 2960 του
1198 2920 1276 2960 xv
1327 2920 1507 2980 ημων
1560 2920 1623 2960 tv

751 3025 833 3084 xv
877 3027 912 3066 o
953 3026 1171 3088 πατηρ
1199 3027 1330 3068 των
1363 3028 1621 3088 omero-

669 3119 732 3173 15
748 3132 891 3192 μων
908 3134 1014 3174 και
1040 3115 1141 3176 θσ
1160 3126 1392 3195 πασησ
1407 3133 1620 3194 παρα-

748 3216 1040 3302 κλησεωσ
1107 3219 1135 3256 ⁴
1149 3241 1184 3280 o
1227 3219 1622 3300 παρακαλων

750 3340 930 3409 ημασ
972 3346 1085 3388 επι
1134 3340 1319 3410 nam]
1358 3347 1439 3411 τη
1478 3326 1621 3389 θλι-

750 3445 869 3522 ψει
923 3454 1105 3515 ημων
1146 3449 1247 3497 εισ
1294 3454 1371 3496 το
1427 3432 1618 3497 δυνα-

748 3542 918 3604 oeae
984 3555 1166 3622 ημασ
1217 3540 1619 3619 παρακαλειν

661 3656 733 3711 20
749 3662 909 3711 τουσ
983 3668 1053 3708 ει·
1127 3661 1312 3727 naor]
1384 3645 1620 3733 θλιψει

749 3752 861 3815 δια
935 3768 1061 3835 τησ
1142 3752 1620 3835 παρακλησεωσ

750 3874 833 3941 ησ
854 3857 1417 3940 παρακαλουμεθα
1436 3881 1619 3922 αυτοι

752 3987 881 4028 mro
920 3989 1034 4028 που
1065 3971 1160 4028 bv
1203 3966 1342 4027 “ou
1382 3969 1618 4029 καθωσ

750 4087 1119 4153 περισσευει
1142 4095 1228 4133 τα
1244 4077 1619 4156 παθηματα

657 4199 861 4255 25‘cov
903 4201 985 4258 xv
1025 4196 1126 4243 εισ
1174 4195 1354 4262 ημασ
1406 4193 1617 4243 ουτωσ

744 4287 855 4350 δια
879 4308 993 4348 του
1013 4308 1095 4365 xv
1121 4302 1492 4366 περισσευει
1511 4309 1616 4349 και

742 4417 782 4478 η
817 4382 1425 4477 παρακλησιςῂμων
1459 4395 1615 4455 6,ειτε

1755 1618 1801 1683 Ι.
1833 1621 1872 1682 ¹.

1755 1725 1994 1791 Paulus
2088 1728 2407 1810 apostolus
2487 1729 2627 1795 Iesu

1756 1830 1985 1897 Christi
2054 1852 2169 1916 per
2228 1834 2625 1901 uoluntatem

1755 1939 1856 2004 dei
1897 1943 1962 2004 et
1987 1939 2401 2006 Thimotheus
2434 1943 2630 2008 trater

1755 2046 2048 2112 ecclesiae
2111 2048 2212 2112 dei
2287 2068 2455 2131 quae
2533 2053 2627 2114 est

1755 2149 2040 2217 Corinthi
2145 2174 2293 2219 cum
2395 2156 2626 2222 sanctis

1753 2258 2047 2323 omnihus
2082 2261 2365 2342 quisunt
2393 2262 2459 2326 in
2482 2262 2626 2327 uni·

1754 2382 1939 2431 uersa
1993 2366 2256 2433 Achaia.
2367 2369 2393 2407 ⁹
2406 2368 2626 2434 Gratia

1752 2470 1935 2536 uobis
2015 2476 2078 2538 et
2168 2493 2293 2557 pax
2383 2493 2424 2538 a
2503 2474 2625 2539 deo

1754 2580 1935 2660 patre
1976 2582 2196 2644 nostro
2233 2584 2297 2644 et
2365 2580 2623 2646 domino

1752 2683 1892 2748 Iesu
1933 2683 2202 2750 Christo.

1756 2791 1785 2831 ⁸
1812 2790 2186 2857 Benedictus
2293 2793 2449 2859 deus
2557 2797 2622 2858 et

1751 2899 1935 2979 pater
2057 2898 2295 2964 domini
2423 2901 2619 2965 nostri

1748 3002 1887 3068 Iesu
1929 3002 2158 3069 Christi
2196 3009 2377 3089 pater
2430 3007 2619 3071 mise-

1747 3109 2068 3175 rationum
2105 3116 2172 3177 et
2210 3111 2369 3177 deus
2410 3113 2618 3177 omnis

1747 3216 2187 3283 consolationis
2249 3219 2400 3302 ⁴qui
2464 3237 2617 3284 con-

1747 3322 1984 3388 solatur
2019 3343 2137 3389 nos
2178 3325 2245 3390 in
2292 3327 2466 3392 omni
2484 3325 2618 3391 “tri-

1745 3429 2071 3496 bulatione
2096 3435 2335 3512 nostra,
2373 3436 2446 3498 ut
2471 3452 2618 3517 pos-

1745 3537 1940 3602 simus
1991 3557 2108 3602 nos
2159 3539 2467 3605 consolari
2508 3557 2617 3605 eos

1745 3644 1856 3726 qui
1895 3644 1962 3709 in
2001 3646 2175 3709 omni
2212 3646 2615 3712 tribulatione

1745 3753 1895 3814 sunt
1949 3770 2062 3833 per
2124 3751 2616 3818 consolationem

1747 3875 1944 3939 quam
2001 3861 2364 3924 exortamur
2415 3859 2531 3942 ipsi
2574 3878 2616 3923 a

1744 3964 1895 4040 deo;
1942 3963 1969 4003 ⁶
1983 3965 2287 4047 quoniam
2313 3966 2473 4029 sicut
2499 3965 2616 4030 ab·

1746 4070 1994 4136 undant
2032 4073 2353 4154 passiones
2384 4071 2614 4136 Christi

1746 4177 1810 4241 in
1830 4178 2030 4257 nobis,
2053 4177 2140 4242 sic
2162 4192 2277 4261 per·
2293 4177 2614 4243 Christum

1744 4285 2035 4349 abundat
2131 4289 2193 4349 et
2271 4284 2613 4350 consolatio

1745 4394 1988 4467 nostra3
2050 4392 2217 4456 ⁶siue
2250 4395 2469 4456 autem
2500 4393 2612 4456 tri-

3817 1623 3839 1660 1

3739 1622 3977 1794 ss’aulus
4066 1727 4385 1811 apostolus
4478 1728 4617 1794 Iesu

3740 1832 3968 1897 Christi
4034 1854 4147 1918 per
4214 1834 4612 1900 uoluntatem

3740 1940 3841 2004 dei
3888 1945 3953 2005 et
3992 1941 4360 2006 Timotheus
4419 1942 4614 2008 frater
4682 1972 4695 1985 ·

3739 2046 4033 2112 ecclesiae
4109 2047 4208 2112 dei
4286 2068 4455 2131 quae
4514 2051 4612 2113 ost

3738 2151 4024 2219 Corinthi
4133 2173 4280 2218 cum
4378 2155 4612 2219 sanctis

3738 2260 4031 2324 omnibus
4069 2260 4345 2342 quisunt
4371 2263 4435 2325 in
4468 2262 4611 2326 uni-

3736 2385 3923 2430 uersa
3964 2366 4226 2431 Achaia.

3743 2471 3997 2537 ”Gratia
4050 2473 4232 2537 uobis
4279 2475 4342 2537 et
4398 2492 4538 2555 pax*
4567 2493 4609 2538 a

3738 2578 3858 2643 deo
3899 2581 4078 2662 patre
4130 2582 4347 2644 nostro
4390 2582 4454 2642 et
4493 2578 4609 2664 do-

3738 2686 3912 2749 mino
3951 2686 4090 2750 lesu
4126 2682 4393 2750 Christo.

3739 2791 3768 2829 ⁸
3796 2791 4169 2856 Benedictus
4281 2791 4437 2855 deus
4545 2795 4611 2856 et

3734 2901 3918 2979 pater
3958 2898 4197 2962 domini
4237 2899 4433 2962 nostri
4469 2898 4606 2963 Iesu

3736 3002 3962 3069 Christi
4013 3010 4194 3088 pater
4259 3005 4604 3070 misericor-

3735 3109 3985 3175 diarum
4055 3114 4118 3176 et
4195 3110 4352 3176 deus
4412 3113 4606 3178 totius

3735 3217 4175 3284 consolationis
4247 3219 4275 3256 ⁴
4289 3219 4398 3302 qui
4453 3237 4606 3284 con-

3731 3324 3971 3390 solatur
4011 3343 4128 3389 nos
4169 3324 4234 3389 in
4277 3326 4452 3389 omni
4492 3326 4603 3392 tri-

3731 3429 4054 3497 bulatione
4082 3436 4323 3513 nostra,
4359 3436 4431 3498 ut
4458 3452 4605 3516 pos-

3723 3539 3926 3609 simus
3945 3541 4009 3603 et
4025 3539 4141 3622 ipsi
4161 3540 4465 3605 consolari
4495 3558 4603 3603 eos

3732 3646 3842 3729 qui
3903 3646 3968 3710 in
4050 3647 4226 3710 omni
4265 3663 4600 3728 praessura

3726 3755 3878 3816 sunt
3930 3769 4043 3834 per
4095 3749 4596 3814 exhortationem

3728 3877 3858 3940 qua
3885 3857 4293 3922 exhortamur
4312 3858 4377 3919 et
4416 3855 4531 3937 ipsi
4552 3873 4595 3918 a

3727 3963 3873 4037 deo;
3921 3960 4261 4043 ¹⁵quoniam
4288 3962 4449 4026 sicut
4478 3961 4595 4026 ab·

3724 4068 3973 4132 undant
4011 4066 4330 4149 passiones
4363 4065 4595 4132 Christi

3724 4176 3788 4238 in
3823 4174 4022 4251 nobiS‚
4066 4173 4153 4236 ita
4179 4176 4243 4237 et
4269 4192 4384 4255 per
4416 4172 4597 4239 Chri-

3723 4285 3891 4344 stum
3931 4278 4219 4344 abundat
4252 4278 4596 4347 consolatio

3723 4390 3989 4462 nostra;'
4016 4386 4192 4450 “siue
4234 4390 4456 4451 autem
4487 4389 4596 4452 tri·

742 4593 806 4647 Δ
875 4591 925 4645 2.
961 4612 1014 4643 w
1046 4612 1117 4658 χι·
1154 4587 1513 4643 ADEGKL
1548 4610 1586 4655 χ
1591 4610 1705 4640 uuuuu
1751 4586 1943 4642 ΣΜΡ.
2027 4586 2111 4641 22.
2153 4607 2238 4639 και
2286 4608 2431 4639 αυτοι
2465 4586 2734 4643 D*EFG.
2806 4587 2889 4640 25.
2936 4607 3097 4638 curuo
3145 4606 3228 4637 και
3274 4582 3534 4639 ῙΥἙΓΘ.
3618 4583 3702 4638 27.
3746 4604 3846 4635 ατε
3894 4584 3950 4634 δε
3988 4582 4281 4645 θλιβομθα
4329 4584 4460 4651 ’ὑπερ
4497 4601 4596 4651 τησ

886 4679 1029 4757 'irum‘
1049 4695 1407 4763 παραιληοεωο
1460 4712 1542 4743 και
1573 4708 1843 4761 σωτηριασ·
1884 4711 1986 4742 sote
2018 4691 2451 4761 παρακαλουμεθα
2499 4697 2629 4759 ’ὑπερ
2668 4711 2762 4759 τησ
2814 4677 2953 4751 inuuu-
2973 4689 3330 4756 παρακλησεωσ
3375 4707 3473 4755 uqa
3519 4706 3873 4760 ενεργουμυηο
3925 4706 3977 4737 εν
4031 4701 4254 4751 vaauen]
4300 4667 4405 4736 τω-
4421 4704 4592 4736 arnor

877 4804 1206 4868 παθημαιωυ
1243 4820 1312 4849 ων
1349 4818 1431 4847 και
1476 4816 1598 4861 ημισ
1643 4813 1906 4863 nucleus»
1954 4814 2037 4845 και
2091 4816 2122 4861 η
2157 4795 2303 4845 sium
2339 4780 2470 4861 ημιῖ
2507 4797 2695 4859 βεβαια
2744 4795 2876 4863 ’ὑπερ
2929 4780 3047 4853 vu:
3081 4794 3149 4845 Σ.

740 4908 810 4961 Β
881 4906 961 4959 14.
996 4902 1406 4959 miserationum
1441 4899 1617 4955 Hilar.
1632 4940 1646 4965 ,
1688 4898 1908 4954 Hieron.
1965 4899 2047 4952 15.
2075 4898 2250 4952 omnis
2285 4896 2321 4951 d
2353 4895 2526 4951 Hilar.
2545 4937 2558 4961 ,
2597 4895 2838 4961 Hieron„
2877 4896 3143 4960 Ambros„
3183 4892 3540 4950 Ambrosiast.
3583 4894 3755 4949 totius
3792 4899 3816 4947 t
3863 4892 4037 4947 omnis
4071 4904 4130 4959 g.
4205 4889 4286 4944 19.
4321 4906 4421 4944 nos
4454 4903 4499 4957 g·
4537 4897 4590 4945 et

877 5008 978 5046 nos
1003 4990 1039 5045 d
1068 4986 1424 5044 Ambrosiast.
1490 4987 1575 5041 20.
1613 4986 1961 5042 tribulatione
1985 4984 2021 5039 d
2046 4983 2311 5049 Ambros„
2347 4982 2569 5038 Hieron.
2607 4984 2960 5039 tribulatione
2982 4990 3006 5039 t
3033 4997 3298 5054 pressura
3333 4995 3394 5049 ς.
3462 4980 3547 5034 21.
3579 4995 3682 5049 per
3713 4977 4137 5034 consolationem
4171 4991 4282 5045 qua
4314 4976 4430 5045 ipsi
4461 4992 4588 5031 con-

876 5079 1121 5133 solamur
1148 5074 1370 5130 Hieron.
1441 5073 1525 5128 25.
1562 5074 1643 5129 sic
1673 5089 1774 5143 per
1807 5071 2044 5136 Hieron„
2080 5068 2436 5125 Ambrosiast.
2517 5070 2603 5125 27.
2639 5071 2757 5124 siue
2789 5075 2972 5125 autem
3006 5069 3334 5125 tribulamur
3366 5082 3476 5137 pro
3509 5072 3697 5121 uestra
3730 5064 4110 5118 exhortatione
4145 5069 4196 5117 et
4232 5062 4411 5117 salute
4445 5077 4585 5131 quae

879 5169 1143 5234 operatur
1174 5164 1234 5217 in
1273 5162 1806 5217 sustentatione
1840 5159 2307 5231 (sustentationem
2337 5156 2396 5226 d)
2447 5157 2739 5212 earundem
2780 5158 3108 5228 passionum
3144 5171 3284 5225 quas
3325 5152 3447 5224 (ρας
3484 5158 3509 5209 t
3537 5154 3682 5209 sicut
3714 5151 3780 5221 ς)
3830 5156 3883 5205 et
3930 5166 4032 5205 nos
4073 5149 4324 5219 patimur
4358 5154 4412 5204 et
4457 5163 4584 5218 spes

878 5257 1070 5306 nostra
1106 5249 1266 5311 firma
1300 5263 1406 5317 pro
1442 5248 1600 5302 uobis
1634 5247 1753 5301 siue
1786 5247 2140 5300 exhortamur
2169 5261 2279 5315 pro
2313 5250 2498 5300 uestra
2533 5245 2916 5299 exhortatione
2951 5249 3004 5299 et
3037 5242 3215 5298 salute
3250 5240 3286 5295 d
3316 5255 3376 5309 g.

745 5343 811 5397 1)
880 5338 963 5392 22.
1010 5351 1149 5406 qtcae
1198 5334 1342 5404 (eine
1394 5336 1611 5404 apaten-e
1642 5332 1804 5386 Hand
1839 5332 1971 5402 qua)
2022 5329 2105 5386 fu.
2186 5331 2270 5386 27.
2316 5333 2435 5387 siue
2489 5338 2669 5386 autem
2723 5330 3049 5385 tribulamur
3081 5344 3186 5398 pro
3220 5332 3408 5383 uestra
3459 5325 3837 5380 exhortatione
3872 5328 3924 5377 et
3959 5322 4137 5377 salute
4186 5319 4300 5391 (ein
4336 5323 4584 5391 spatersr

876 5424 1176 5486 corrector,
1209 5419 1300 5476 bei
1335 5419 1530 5475 Ranke
1560 5419 1664 5474 mit
1698 5418 1739 5474 C
1779 5416 2112 5483 bezeichnet,
2148 5417 2250 5473 hat
2277 5433 2350 5472 an
2385 5416 2555 5472 Stella
2589 5417 2685 5471 des
2713 5416 2961 5472 radirten
2996 5414 3378 5471 exhortatione
3410 5417 3464 5467 et
3497 5411 3675 5467 salute
3717 5407 4006 5480 eingefitgt
4051 5406 4581 5477 consolatione)

875 5513 993 5568 siue
1025 5511 1381 5564 exhortamur
1412 5525 1518 5576 pro
1555 5512 1741 5562 uestra
1775 5505 2145 5561 consolatione
2180 5519 2323 5573 quae
2371 5509 2638 5572 operatur
2671 5503 2733 5558 in
2767 5503 3061 5559 tolerantia
3095 5498 3387 5556 earundem
3413 5502 3737 5567 passionum
3784 5511 3923 5565 quas
3971 5500 4024 5550 et
4064 5509 4167 5549 nos
4196 5498 4461 5564 patimur.
4532 5498 4590 5549 et

875 5614 1000 5668 spes
1033 5601 1224 5650 nostra
1247 5593 1418 5662 firma
1446 5610 1550 5661 pro
1583 5594 1742 5647 uobis
1775 5589 1841 5645 fn
1885 5596 2006 5646 siue
2053 5597 2232 5645 autem
2284 5590 2556 5645 tribulam.
2593 5605 2701 5659 pro
2729 5594 2895 5644 uestr.
2934 5588 3056 5643 exh.
3095 5593 3149 5643 et
3196 5586 3298 5642 sal.
3356 5589 3476 5640 siue
3509 5583 3708 5639 consol.
3752 5597 3862 5653 pro
3899 5587 4063 5637 uestr.
4097 5579 4296 5635 consol.
4334 5585 4454 5634 siue
4490 5593 4581 5634 ecc·

872 5686 1162 5740 hortamur
1187 5695 1295 5750 pro
1331 5685 1517 5733 uestra
1554 5679 1935 5733 exhortatione
1973 5683 2024 5732 et
2056 5676 2234 5732 salute
2268 5693 2407 5747 quae
2442 5683 2708 5747 operatur
2741 5675 3090 5731 tolerantiam
3127 5679 3224 5728 cet.
3258 5685 3357 5739 vg.

2422 5782 2456 5837 2
2491 5779 2611 5836 Cor.
2653 5780 2697 5846 1,
2745 5778 2895 5833 1-6.
