5117 6800
894 1017 987 1087 A

508 1178 622 1220 ουκ
729 1153 805 1216 εδ
808 1155 1058 1229 εξασθε
1162 1148 1377 1213 καλωσ

510 1494 923 1556 υστερηκεναι
976 1491 1109 1532 των
1184 1489 1379 1548 υπερ-

507 1583 689 1647 ism
730 1576 1115 1643 αποστολων

513 1691 612 1751 ἐι
663 1688 736 1751 δε
792 1709 900 1749 και
966 1683 1229 1763 ιδιωτησ
1287 1701 1379 1743 τω

509 1795 669 1875 λογω
725 1792 843 1856 αλλ
907 1812 981 1854 ου
1035 1812 1114 1871 τη
1153 1808 1380 1869 γνωσει

511 1901 634 1965 αλλ
688 1922 766 1961 εν
827 1919 1031 1960 παντι
1094 1914 1379 1978 φανερω·

516 2028 753 2073 σαντεσ
834 2026 906 2067 εν
993 2023 1198 2066 naon·
1281 2019 1379 2062 εισ

512 2136 690 2197 υμασ
736 2115 814 2196 7η
856 2130 1178 2195 αμαρτιαν
1204 2125 1380 2168 εποι-

511 2239 645 2305 ησα
712 2240 994 2303 εμαυτον
1054 2232 1382 2278 ταπεινων

513 2352 619 2393 ινα
732 2341 923 2407 υμεισ
1059 2324 1381 2411 υψωθητε

515 2460 613 2501 οτι
668 2436 917 2514 δωρεαν
974 2453 1050 2493 το
1106 2450 1219 2491 του
1285 2430 1381 2489 θυ

512 2542 872 2624 ευαγγελιον
986 2534 1380 2619 ευηγγελισα-

511 2674 641 2734 μην
682 2670 834 2730 υμιι·
875 2647 902 2684 ⁸
920 2643 1130 2708 αλλασ
1168 2640 1380 2721 sanaq-

511 2772 674 2822 σιασ
774 2753 1064 2834 εσυλησα
1162 2746 1382 2827 λαβων

511 2876 799 2951 οψωνιον
841 2872 1016 2939 προσ
1045 2877 1162 2938 την
1202 2874 1383 2934 υμων

512 2969 846 3032 διακονιαι·
950 2985 1056 3026 και
1149 2980 1378 3041 παρων

513 3092 690 3156 προσ
732 3088 912 3154 υμασ
964 3092 1071 3132 και
1117 3082 1380 3147 υστερη-

511 3186 670 3246 θεισ
773 3202 848 3243 ου
932 3188 1380 3257 κατεναρκησα

514 3292 646 3352 συθ
689 3302 842 3351 ενοσ
886 3287 913 3325 ⁹
929 3307 1004 3347 το
1038 3304 1159 3363 γαρ
1199 3296 1380 3344 vovc-

512 3419 685 3480 ρημα
739 3415 865 3476 μου
928 3385 1381 3473 προσανεπλη-

512 3519 733 3586 ρωσαν
769 3523 828 3563 οι
853 3499 942 3562 αδ
945 3499 1128 3581 ελφοι
1152 3495 1378 3559 ελθον-

508 3624 629 3674 τεσ
662 3629 809 3681 ,omo
851 3605 1250 3688 μακεδονιασ
1275 3626 1384 3666 και

511 3738 583 3778 εν
621 3736 824 3777 παι-’τι
860 3716 1073 3794 αβαρη
1098 3732 1381 3792 εμαυτον

509 3845 662 3904 υμιν
708 3835 989 3904 ετηρησα
1043 3840 1150 3881 και
1193 3839 1378 3901 τηρη·

510 3946 606 3994 σω
679 3929 732 3968 ¹⁰
745 3943 924 3992 εστιν
976 3925 1259 4007 αληθεια
1298 3945 1379 4005 xv

513 4059 584 4098 εν
626 4058 767 4116 εμοι
807 4055 904 4099 οτι
959 4055 999 4115 η
1059 4046 1380 4113 καυχησισ

511 4164 673 4223 αντη
719 4164 792 4203 ου
838 4154 1236 4223 φραγησεται
1277 4153 1379 4202 ειο·

512 4268 628 4328 εμε
671 4269 741 4308 εν
777 4262 921 4310 τοισ
949 4247 1211 4326 κλιμασι
1252 4260 1379 4328 τησ

511 4368 757 4432 αχαιασ
857 4351 1034 4414 ¹¹61-oe
1118 4374 1180 4415 τι
1264 4375 1378 4414 ουκ

513 4480 746 4540 αγαπω
787 4474 967 4539 υμασ
1002 4481 1037 4520 ο
1061 4463 1163 4522 θσ
1203 4459 1377 4522 οιδεν

2350 833 2487 903 107

1510 1151 1910 1234 euangelium
1921 1150 2090 1233 quod
2098 1170 2229 1216 non
2243 1172 2379 1219 sus-

1510 1259 1773 1342 cepistiS,
1828 1260 1997 1323 recte
2060 1257 2375 1341 patimini3

1513 1364 1884 1429 ⁶exhistimo
1904 1366 2075 1429 enim
2100 1385 2202 1430 me
2224 1366 2378 1431 nihil

1509 1472 1718 1535 minus
1745 1471 1955 1536 fecisse
1979 1470 2045 1535 in
2072 1472 2254 1536 uobis
2295 1473 2379 1536 ab

1511 1578 1609 1642 his
1650 1578 1759 1660 qui
1801 1576 1990 1642 ualde
2035 1583 2185 1642 sunt
2224 1597 2379 1661 apo—

1511 1684 1668 1749 stoli.
1757 1685 1785 1722 ⁶
1798 1684 1865 1749 Si
1914 1687 2130 1750 autem
2179 1687 2243 1749 et
2283 1686 2381 1749 in-

1511 1792 1745 1875 peritus
1799 1809 2154 1856 sermonem
2174 1840 2191 1871 ,
2265 1791 2376 1856 sed

1511 1917 1643 1963 non
1669 1896 1945 1976 scientia,
1989 1898 2098 1962 sed
2137 1899 2204 1962 in
2241 1917 2380 1962 orn-

1510 2004 1696 2068 nibus
1778 2004 2157 2069 manifestati
2232 2005 2380 2070 facti

1509 2114 1576 2177 in
1620 2113 1817 2177 uobis,
1880 2113 1904 2151 '¹
1920 2112 2027 2176 An
2069 2113 2381 2195 numquid

1511 2221 1844 2302 peccatum
1884 2218 2001 2283 feci
2029 2238 2134 2282 me
2174 2219 2380 2301 ipsum

1511 2325 1900 2391 humillando
1914 2373 1930 2402 ,
1992 2327 2063 2389 ut
2116 2345 2231 2390 uos
2272 2345 2381 2390 ex-

1512 2432 1885 2508 altaremini,
1909 2432 2213 2513 quoniam
2236 2452 2382 2515 gra-

1511 2538 1590 2603 tis
1618 2537 2020 2619 euangelium
2053 2539 2154 2603 dei
2183 2559 2381 2604 euan-

1512 2644 1769 2727 gelizaui
1829 2644 2051 2710 uobis?
2165 2646 2192 2684 ⁸
2206 2646 2382 2711 Alias

1513 2751 1802 2817 ecclesias
1857 2752 2167 2835 expoliaui
2217 2754 2382 2818 acci-

1511 2860 1690 2944 piens
1732 2858 1815 2924 ab
1858 2860 1945 2923 eis
1999 2860 2381 2943 stipendium

1513 2967 1598 3032 ad
1654 2968 1927 3031 uestram
1978 2968 2380 3033 ministratio·

1511 3092 1691 3148 nem3
1759 3076 1824 3137 et
1865 3091 2010 3136 cum
2069 3078 2226 3156 aput
2266 3094 2382 3139 uos

1512 3179 1765 3244 fuissem
1823 3183 1886 3244 et
1929 3198 2178 3261 egerem
2194 3229 2210 3259 ,
2267 3199 2381 3245 ne-

1511 3287 1671 3351 mini
1717 3286 1750 3325 ³8
1795 3287 1830 3325 *
1873 3287 1908 3327 *

1740 3925 1775 3964 *
1797 3924 1832 3963 *
1852 3924 1885 3963 *
1937 3922 2108 3988 ¹⁰Est
2151 3925 2381 3989 ueritas

1511 4031 1738 4097 Christi
1778 4031 1844 4095 in
1884 4050 2007 4108 me,
2058 4030 2209 4113 quia
2248 4030 2380 4112 glo-

1509 4141 1604 4203 ria
1644 4139 1802 4203 haec
1847 4157 1976 4201 non
2007 4136 2380 4218 infringetur

1511 4247 1580 4310 in
1664 4264 1768 4309 me
1862 4244 1929 4308 in
2021 4245 2379 4326 regionibus

1508 4351 1809 4418 Achaiae.
1861 4349 2178 4429 ¹¹Quare?
2223 4352 2379 4433 quia

1509 4478 1626 4524 uos
1654 4478 1784 4523 non
1814 4458 2043 4539 diligo?
2072 4457 2228 4522 deus
2245 4459 2378 4523 scit.

2970 2108 3005 2147 *
3048 2107 3371 2190 Numquid

2500 2219 2834 2299 peccatum
2875 2213 2991 2279 feci
3019 2234 3123 2279 me
3165 2215 3373 2298 ipsum

2501 2321 2916 2400 humiliand0‚
2954 2327 3026 2385 ut
3063 2339 3178 2386 uos
3200 2320 3372 2385 exal-

2501 2427 2792 2493 taremini
2806 2477 2821 2507 ,
2879 2428 3185 2511 quoniam
3228 2445 3374 2509 gra-

2501 2536 2580 2599 tis
2602 2534 3003 2618 euangelium
3027 2535 3127 2599 dei
3170 2552 3371 2599 euan-

2501 2642 2758 2724 gelizaui
2853 2643 3071 2707 uobis?
3198 2638 3374 2705 Alias

2501 2748 2792 2814 ecclesias
2828 2747 3169 2832 exspoliaui
3210 2746 3374 2811 acci-

2500 2857 2679 2938 piens
2784 2854 3166 2937 stipendium
3288 2851 3372 2916 ad

2503 2966 2786 3028 uestram
2800 2960 3326 3026 ministrationem
3344 2980 3360 3033 3

2503 3073 2569 3134 et
2597 3088 2743 3134 cum
2769 3068 2943 3151 apud
2976 3087 3092 3132 uos
3118 3066 3372 3131 fuissem

2503 3181 2569 3241 et
2597 3194 2867 3258 egerem,
2895 3174 3132 3238 nemini
3161 3174 3374 3256 grauis

2502 3281 2622 3358 fui;
2666 3301 2819 3346 nam
2851 3281 2917 3344 id
2958 3281 3130 3363 quod
3156 3281 3374 3346 deerat

2501 3390 2659 3455 mihi
2866 3387 3373 3472 adimpleuerunt

2500 3497 2725 3563 tratres
2783 3497 2890 3578 qui
2951 3497 3266 3560 uenerunt
3333 3515 3375 3559 a

2499 3602 2889 3681 Macedonia,
2949 3605 3013 3666 et
3056 3603 3123 3665 in
3165 3602 3370 3667 omni-

2501 3710 2622 3774 bus
2709 3710 3039 3790 ingrauate
3120 3729 3223 3773 me
3307 3708 3373 3772 in

2503 3816 2683 3880 uobis
2728 3816 3033 3881 custodiui
3065 3820 3129 3881 et
3167 3819 3375 3881 custo-

2503 3923 2693 3987 diam.
2761 3922 2869 3987 Fst
2895 3924 3127 3988 ueritas
3148 3922 3374 3988 Christi

2502 4031 2570 4093 in
2612 4049 2735 4106 me,
2778 4031 2929 4112 quja
2971 4031 3172 4112 gloria
3215 4030 3375 4095 haec

2502 4156 2635 4202 non
2696 4137 3069 4219 infrIngetur
3138 4139 3204 4201 in
3267 4156 3372 4202 me

2501 4245 2570 4309 in
2651 4245 3007 4326 regionibus
3067 4243 3370 4310 Achaiae.

2502 4350 2759 4430 Quare?
2848 4352 2999 4433 quia
3068 4371 3201 4415 non
3258 4371 3374 4416 uos

2501 4457 2741 4538 diligo?
2803 4457 2959 4522 deus
2993 4459 3127 4523 scit.

3492 1150 3893 1232 euangelium
3918 1153 4090 1235 quod
4111 1170 4243 1217 non
4264 1171 4367 1217 re-

3494 1258 3755 1341 cepistis,
3777 1261 3945 1323 recte
3961 1257 4361 1341 pateremini3

3497 1364 3854 1429 ¹⁵exhistimo
3884 1366 4053 1429 enim
4080 1365 4233 1430 nihil
4260 1385 4364 1431 me

3493 1472 3701 1536 minus
3805 1471 4018 1537 fecisse
4119 1471 4365 1555 magnis

3492 1578 3806 1662 apostolis.
4412 1584 4447 1639 5

3496 1688 3524 1726 ⁶
3541 1686 3670 1751 Etsi
3707 1685 4029 1768 imperitus
4053 1700 4362 1760 sermone,

3492 1794 3604 1857 sed
3645 1811 3777 1857 non
3798 1790 4075 1867 scientia,
4116 1789 4183 1852 in
4224 1803 4365 1851 om-

3492 1899 3679 1964 nibus
3694 1901 3909 1964 autem
3926 1893 4364 1961 manifestam

3493 2024 3638 2069 sum
3672 2004 3871 2070 uobis.

3499 2112 3670 2176 'Aut
3691 2109 4003 2193 numquid
4034 2109 4364 2191 peccatum
4381 2110 4448 2169 10

3494 2218 3606 2284 feci
3629 2237 3734 2282 me
3767 2218 3970 2300 ipsum
4003 2213 4365 2291 humilianS,

3494 2328 3567 2389 ut
3608 2344 3724 2389 uos
3764 2321 4141 2398 exaltemini,
4205 2338 4366 2403 quo-

3493 2433 3667 2497 niam
3717 2431 3908 2513 gratis
3962 2426 4366 2509 euangelium

3495 2540 3596 2604 dei
3652 2538 4081 2621 euangelizaui
4135 2534 4317 2600 uobis
4332 2534 4365 2597 ἱ)

3496 2647 3524 2686 ⁸
3541 2646 3715 2711 Alias
3740 2645 4029 2710 ecclesias
4056 2640 4365 2726 expoliaui
4382 2649 4447 2706 15

3494 2753 3803 2836 accipiens
3850 2750 4233 2835 stipendium
4279 2746 4366 2812 ad

3493 2859 3905 2923 ministerium
3945 2859 4261 2929 uestrum3
4301 2853 4367 2916 et

3494 2985 3641 3030 cum
3682 2984 3883 3029 essem
3924 2962 4098 3046 apud
4145 2980 4261 3025 uos
4299 2962 4365 3023 et

3493 3091 3743 3155 egerem
3760 3121 3775 3149 ,
3845 3070 4000 3135 nulli
4066 3085 4366 3132 onerosus

3494 3179 3614 3254 fui3
4379 3174 4448 3229 20

3497 3287 3692 3350 ”nam
3734 3283 3907 3366 quod
3943 3282 4097 3347 mihi
4147 3281 4365 3345 deerat

3493 3391 3947 3475 suppleuerunt
3990 3390 4213 3455 fratres
4256 3387 4365 3471 qui

3494 3502 3811 3565 uenerunt
3852 3518 3894 3562 a
3928 3495 4365 3572 Machedonia,

3495 3611 3558 3671 et
3601 3608 3667 3670 in
3690 3606 3990 3670 omnibus
4011 3605 4144 3669 sine
4175 3623 4366 3668 onere

3494 3732 3705 3778 meme
3759 3713 3938 3778 uobis
3991 3712 4242 3776 seruaui
4302 3714 4450 3776 et25

3495 3820 3783 3885 seruabO.

3505 3928 3557 3966 ¹⁰
3571 3927 3680 3991 Est
3742 3926 3973 3990 ueritas
4015 3924 4244 3990 Christi
4300 3925 4368 3988 in

3497 4053 3600 4098 me
3616 4082 3631 4110 ,
3693 4033 3997 4115 quoniam
4037 4030 4198 4096 haec
4234 4028 4367 4111 glo·

3496 4142 3590 4205 ria
3660 4158 3789 4204 non
3868 4138 4240 4217 infringetur
4300 4135 4365 4198 in

3497 4266 3599 4311 me
3613 4247 3678 4310 in
3694 4244 4049 4328 regionibus
4061 4241 4361 4310 Achaiae.
4381 4257 4450 4313 30

3505 4351 3825 4429 ¹¹Quare?
3852 4351 4002 4433 quia
4022 4366 4153 4412 non
4173 4345 4363 4426 diligo

3495 4477 3611 4523 uos
3625 4460 3655 4522 *ἓ
3699 4457 3855 4522 deus
3896 4456 4027 4522 scit.

511 4655 579 4712 A
644 4655 694 4708 2.
729 4655 977 4718 ανεχεοθε
1013 4650 1090 4705 D*¹
1126 4652 1239 4705 und
1273 4651 1397 4707 eine
1418 4652 1903 4708 Paris.Hfl.ndschr.
1938 4654 2002 4723 (8.
2036 4651 2113 4706 XI
2150 4651 2237 4706 bei
2267 4651 2554 4706 Tischend.
2593 4668 2677 4705 nr.
2717 4651 2805 4719 17)
2839 4657 3107 4718 ανειχεοθε
3144 4655 3197 4703 Σ
3204 4652 3305 4707 DE
3341 4652 3405 4722 (F
3427 4651 3695 4720 ενεοχεοτε)
3722 4649 3955 4706 GKLM.
4026 4650 4073 4703 3.
4112 4646 4367 4714 ὶονιζομαι

645 4761 743 4809 γαρ
778 4737 868 4793 die
905 4736 1083 4807 flbrig.
1120 4737 1423 4793 Handschr.

646 4825 834 4882 FGM.
919 4824 965 4878 9.
1019 4845 1072 4876 εν
1109 4842 1266 4876 naon
1301 4823 1444 4878 fehlt
1480 4823 1599 4879 ΕΟ.
1670 4825 1753 4878 31.
1789 4826 1875 4878 δια
1911 4847 1966 4876 τι

1491 4739 1540 4793 4.
1594 4760 1909 4809 υοτερηκυαι
1955 4761 2008 4791 εν

2091 4761 2180 4801 μιν
2230 4738 2375 4793 D‘E.
2458 4737 2508 4792 8.
2558 4743 2941 4812 venenosum
2975 4738 3365 4794 ZeDeEKLP
3416 4743 3730 4809 φαυερωθυσ
3768 4736 3938 4789 D*¹¹·¹³
3988 4754 4366 4805 φανερωσαντεσ

2026 4825 2200 4880 radio
2236 4824 2413 4895 fibrig.
2450 4824 2756 4880 Handschr.

510 4915 580 4970 ΙΙ
653 4912 698 4967 1.
751 4911 1069 4981 suscepistis
1103 4910 1155 4964 d.
1237 4911 1287 4965 3.
1332 4911 1585 4972 existimo
1633 4913 1772 4965 enim
1834 4928 1918 4966 me
1963 4917 2025 4966 in
2071 4913 2226 4967 nullo
2276 4912 2596 4981 inferiorem
2633 4911 2818 4980 sui-aee
2875 4913 2948 4967 iu
2998 4914 3121 4982 qui
3168 4913 3374 4968 ualde
3418 4918 3590 4968 sunt
3642 4909 3962 4980 apostoli
4010 4906 4366 4961 Ambrosiast.

646 5000 896 5054 existimo
948 5014 1032 5052 me
1073 5002 1213 5052 enim
1254 4999 1315 5052 in
1359 4997 1512 5052 nullo
1565 4997 1881 5066 inferiorem
1916 5012 2030 5051 esse
2067 4999 2164 5066 qui
2197 5014 2373 5067 supra
2407 4996 2628 5052 modum
2664 5005 2794 5054 sunt
2840 5000 3115 5068 apostolis
3150 4999 3271 5070 (sic)
3309 5014 3353 5068 g
3400 5000 3653 5054 existimo
3703 4997 3842 5051 enim
3886 5009 3969 5048 me
4012 4994 4153 5049 nihil
4187 4995 4367 5048 minus

639 5085 841 5152 fecicse
874 5087 944 5139 in
981 5085 1181 5140 uobis
1215 5084 1296 5139 ab
1342 5082 1474 5138 aliis
1523 5083 1795 5182 apos-tolie
1832 5083 1869 5137 d
1926 5084 2178 5138 existimo
2227 5085 2368 5138 enim
2417 5100 2501 5138 me
2546 5086 2610 5139 in
2643 5085 2796 5140 nullo
2833 5085 3151 5155 inferiorem
3185 5102 3224 5141 α
3256 5086 3469 5156 maqm's
3503 5083 3775 5154 apostolis
3808 5080 3992 5135 Sedul.
4092 5080 4141 5133 8.
4176 5077 4274 5135 scd
4309 5079 4370 5133 in

649 5171 892 5225 omnibus
922 5185 967 5239 g
1003 5169 1099 5226 sed
1131 5172 1193 5225 in
1228 5171 1375 5226 omni
1410 5169 1462 5223 d.
1537 5169 1618 5222 10.
1649 5169 1709 5224 in
1742 5169 1899 5224 uobis
1933 5183 1977 5237 g
2009 5171 2070 5224 in
2105 5185 2284 5225 omnes
2318 5185 2422 5225 uos
2453 5169 2490 5224 d
2514 5199 2582 5210 —-
2611 5188 2685 5226 an
2724 5172 2865 5226 ohne
2889 5173 3157 5242 numquid
3192 5172 3244 5228 d.
3320 5172 3400 5227 18.
3437 5171 3512 5227 ad
3537 5177 3779 5225 uestram
3813 5168 4275 5221 ministrationem
4312 5165 4364 5219 «l.

645 5254 728 5308 20.
763 5257 963 5309 nmini
999 5255 1036 5310 d
1071 5286 1138 5296 —
1171 5258 1364 5326 ymnis
1396 5254 1751 5310 Ambrosiust.
1823 5255 1908 5311 22.
1944 5255 2385 5325 adimpleam-unt
2416 5270 2476 5324 ς.

511 5341 569 5397 (2
642 5340 772 5394 *de
809 5356 956 5409 oper.
994 5342 1239 5398 monach.
1282 5343 1361 5397 13.

507 5428 578 5482 ΙΙ
647 5426 698 5480 4.
728 5426 931 5495 fecisse
955 5428 1113 5483 uobis
1147 5430 1216 5484 ab
1252 5431 1385 5486 aliis
1417 5431 1690 5500 apostolis
1725 5428 1808 5483 su.
1878 5429 1927 5483 6.
1962 5429 2058 5484 sed
2085 5431 2188 5485 etsi
2214 5429 2283 5484 tn
2319 5446 2445 5486 nam
2471 5431 2575 5486 etsi
2606 5445 2704 5499 vg.
2776 5431 2823 5486 7.
2859 5433 2956 5488 sed
2977 5448 3088 5487 non
3111 5440 3221 5489 tam
3257 5431 3341 5487 fn.
3411 5431 3459 5486 8.
3496 5434 3841 5503 mnisaewti
3875 5445 4061 5487 eumue
4090 5427 4245 5483 uobis
4271 5440 4369 5494 vg.

645 5511 726 5566 23.
765 5511 1121 5568 machedonia
1156 5514 1220 5585 (h
1252 5518 1418 5572 unter
1447 5516 1598 5572 einer
1632 5515 1833 5583 Rmur)
1869 5514 1949 5570 fu.
2019 5516 2102 5571 25.
2139 5532 2224 5571 me
2258 5515 2327 5570 tu
2361 5530 2459 5584 vg.
2529 5516 2615 5570 28.
2653 5518 2918 5587 yloriatio
2953 5533 3052 5588 vg.

2167 5620 2201 5675 2
2236 5620 2355 5676 Gor.
2392 5621 2474 5686 11,
2508 5622 2697 5676 4-11,
