5117 6800
1207 1032 1301 1102 A

821 1377 927 1445 lx.
975 1379 1029 1418 ¹⁰
1060 1400 1095 1440 ο
1156 1376 1234 1439 δε
1299 1397 1695 1459 επιχορηγων

823 1502 1075 1567 ‹Inopem›
1100 1506 1192 1546 cco
1221 1498 1554 1563 σπειροντι
1587 1503 1697 1544 και

766 1603 807 1661 ὅ
823 1614 1023 1673 αρτον
1064 1606 1166 1655 sto
1225 1594 1470 1672 βρωσιν
1510 1611 1695 1673 xum)-

821 1714 1004 1783 γησει
1055 1720 1163 1761 και
1214 1696 1540 1780 nimy-hwa
1579 1715 1695 1759 τον

823 1821 1075 1886 σπορον
1092 1825 1275 1885 υμων
1296 1826 1404 1867 και
1427 1804 1696 1884 ωυξησει

822 1932 908 1973 τοι
934 1929 1267 1992 γενηματα
1301 1926 1427 1993 τησ
1459 1911 1691 1973 δικαιο-

823 2031 1033 2100 συνησ
1071 2038 1253 2098 υμων
1315 2018 1450 2080 ”ev
1493 2038 1693 2079 παντι

737 2139 805 2200 10
822 2122 1305 2206 πλουτιζομενοι
1332 2139 1434 2188 εισ
1461 2138 1692 2188 πασαν
1744 2157 1763 2162 „

821 2230 1162 2314 απλοσηεα
1246 2246 1396 2314 ητισ
1469 2252 1689 2312 κατερ-

818 2340 1075 2418 γαζεται
1138 2336 1205 2400 δι
1258 2359 1441 2419 ημων
1503 2357 1690 2415 ευχα-

821 2458 1111 2524 ριστειαν
1139 2447 1236 2507 311
1286 2444 1453 2506 1⁵¹ou
1479 2465 1519 2524 η
1553 2441 1689 2504 δια-

820 2571 1003 2614 κονια
1099 2565 1226 2633 τησ
1323 2548 1689 2630 λιτουργιασ

738 2677 803 2733 15
819 2672 1072 2739 ταυτησ
1127 2679 1202 2718 ov
1252 2677 1453 2736 μονον
1511 2672 1690 2719 εστιν

821 2761 1464 2845 προσαναπληροικῒα
1605 2783 1691 2823 τα

818 2886 1236 2952 wammam
1300 2890 1433 2931 των
1495 2891 1690 2949 αγιων

818 2975 986 3040 uvea
1038 2999 1147 3039 m
1203 2991 1688 3058 περισσευουσα

818 3082 929 3146 δια
971 3081 1228 3147 πολλων
1268 3097 1689 3162 ευχαριστιων

730 3201 800 3258 m
815 3211 906 3251 vm
972 3211 1067 3269 χω
1148 3189 1324 3252 ¹⁸xoec
1389 3188 1501 3260 δια
1559 3204 1686 3271 τησ

816 3295 1094 3378 δοκιμησ
1155 3309 1284 3376 τησ
1342 3295 1685 3360 &monac

814 3417 1065 3485 τωυτησ
1117 3402 1509 3479 δοξαζοντεσ
1568 3425 1684 3466 τον

814 3512 911 3572 θν
948 3530 1062 3571 em
1101 3529 1183 3592 τη
1220 3529 1514 3593 motari]
1558 3525 1685 3591 τησ

817 3614 1162 3696 maiorm
1216 3637 1397 3696 υμωσ)
1448 3631 1554 3680 aa·
1606 3638 1683 3679 το

729 3742 797 3798 25
815 3720 1174 3802 ευαγγελων
1251 3743 1367 3784 του
1436 3743 1519 3801 xv
1574 3744 1685 3785 και

814 3827 1132 3911 aalma
1169 3845 1294 3912 τησ
1340 3845 1682 3893 ’totvm-um

814 3951 919 4000 εισ
958 3949 1206 3997 oevvovo·
1232 3958 1342 3998 και
1384 3951 1484 3999 εισ
1512 3956 1680 3998 παι*-

811 4057 941 4106 τασ
989 4041 1163 4103 “xm
1202 4063 1419 4104 αυτων
1460 4041 1682 4124 δεησει

810 4168 981 4230 υπερ
1038 4168 1221 4230 ημων
1281 4151 1683 4210 επιποθουν-

723 4269 942 4325 sotem
984 4270 1164 4335 υμασ
1194 4253 1305 4317 δια
1345 4276 1464 4337 την
1488 4275 1681 4335 υπερ-

807 4361 1186 4444 βαλλουσαν
1221 4383 1409 4444 χαριν
1441 4382 1556 4423 του
1582 4364 1679 4423 &v

809 4492 896 4553 εφ
939 4490 1090 4550 υμιν
1146 4468 1407 4549 Ῑῦχαρὶσ
1437 4490 1527 4529 τω
1570 4471 1677 4531 θω

808 4597 919 4638 em
932 4597 1011 4659 τη
1025 4573 1455 4657 ανεκδιηγητω
1476 4595 1677 4636 αυτου

2663 845 2799 914 102

1823 1166 2107 1231 cundum
2167 1167 2233 1231 id
2315 1166 2489 1250 quod
2559 1183 2693 1230 non

1761 1271 2248 1338 ·habet***

2502 1691 2692 1732 *²⁸*

1824 1803 1888 1864 et
1998 1798 2251 1881 augebit
2360 1802 2691 1864 nascentes

1821 1906 2034 1986 fruges
2091 1906 2369 1971 iustitiae
2423 1909 2691 1983 uestrae,

1829 2014 1882 2051 ¹²
1901 2012 1967 2076 in
2032 2013 2324 2078 omnibus
2385 2011 2564 2090 ditati
2623 2011 2694 2076 in

1820 2138 2062 2184 omnem
2226 2118 2690 2201 simplicitatem

1820 2244 1988 2308 quae
2048 2228 2347 2309 operatur
2399 2246 2514 2308 per
2573 2243 2688 2290 nos

1819 2334 2167 2416 gratiarum
2215 2332 2530 2397 actionem
2573 2331 2691 2396 do·-

1819 2442 2013 2518 min0,
2079 2439 2448 2522 ¹²quoniam
2500 2438 2688 2504 mini-

1818 2547 2078 2612 sterium
2098 2565 2229 2611 non
2252 2544 2456 2610 solum
2483 2545 2690 2628 suplet

1819 2674 1897 2720 ea
1939 2671 2102 2734 quae
2158 2651 2388 2715 dosunt
2436 2652 2687 2730 sanctis,

1816 2761 1929 2827 sed
1969 2758 2303 2826 abundare
2346 2757 2530 2823 faciet
2567 2777 2688 2838 per

1815 2868 2165 2933 multarum
2337 2864 2685 2946 gratiarum

1811 2976 2060 3040 actione
2099 2972 2254 3048 dem

1820 3188 2001 3271 ¹⁸per
2035 3184 2470 3268 probationem
2496 3182 2682 3248 mini-

1809 3294 2129 3360 strationis
2201 3290 2389 3355 huius
2448 3289 2682 3372 glorifi-

1810 3409 2028 3468 cantes
2060 3399 2246 3464 deum
2284 3397 2353 3463 in
2379 3396 2681 3480 obsequio

1810 3505 2212 3575 confessionis
2292 3504 2539 3569 uestrae
2609 3504 2682 3567 in

1809 3613 2209 3696 euangelium
2301 3609 2530 3675 Christi
2617 3614 2682 3674 et

1809 3719 2270 3802 simplicitatem
2336 3717 2680 3782 communi-

1810 3826 2071 3893 cationis
2132 3825 2205 3887 in
2274 3823 2408 3887 illos
2483 3830 2544 3888 et
2609 3823 2681 3887 in

1810 3952 2052 4008 omnes,

1818 4041 1871 4081 ¹⁴
1889 4046 1950 4105 et
1987 4040 2054 4102 in
2102 4039 2383 4119 ipsorum
2420 4053 2678 4118 praeca·

1808 4148 1979 4213 tione
2025 4163 2143 4226 pro
2203 4140 2382 4207 uobis
2433 4140 2676 4206 deside-

1808 4253 2086 4320 rantium
2122 4268 2238 4314 uos
2279 4249 2535 4330 propter
2569 4266 2677 4312 ex-

1808 4363 2140 4429 cellentem
2211 4354 2484 4437 gratiam
2556 4354 2674 4419 dei.

1815 4462 2130 4527 ¹⁶Gratias
2159 4480 2282 4544 ago
2321 4460 2445 4526 deo
2483 4477 2676 4541 super

1804 4569 2213 4635 inenarrabili
2280 4568 2442 4633 dono
2516 4570 2675 4635 eius.

3208 1031 3282 1103 Ι)

2816 1165 3100 1231 cundum
3181 1165 3247 1230 id
3319 1165 3494 1249 quod
3553 1183 3688 1229 non

2814 1272 3013 1342 habet
3055 1279 3167 1339 cet.

2814 1378 2850 1419 ¹¹⁸
2901 1378 3024 1457 Qui
3088 1382 3308 1445 autem
3380 1378 3687 1444 submini-

2813 1488 2974 1551 strat
3001 1505 3219 1551 semen
3234 1485 3589 1564 seminanti,
3619 1487 3686 1552 et

2811 1610 3050 1676 panem
3092 1592 3160 1657 in
3197 1613 3408 1659 escam
3447 1591 3687 1658 submi-

2812 1699 3101 1764 nistrabit
3135 1698 3208 1764 et'
3243 1698 3685 1782 multiplicabit

2810 1806 3295 1872 seminationem
3394 1809 3677 1872 uestram

2812 1916 2878 1978 et
2893 1912 3150 1994 augebit
3179 1915 3526 1978 mescentae
3551 1912 3683 1977 fru-

2810 2038 2919 2101 ges
2935 2019 3206 2083 iustitiae
3220 2021 3487 2097 uestrae,
3517 2018 3683 2083 utin

2811 2125 3105 2190 omnibus
3124 2124 3306 2190 ditati
3329 2125 3395 2190 in
3426 2144 3683 2191 omnem

2808 2232 3272 2314 simplicitatem
3320 2249 3489 2313 quae
3530 2251 3680 2315 ope-

2808 2341 2988 2403 ratur
3028 2357 3141 2421 per
3167 2357 3286 2403 nos
3331 2338 3681 2419 gratiarum

2809 2445 3123 2510 actionem
3164 2444 3286 2510 deo
3301 2493 3317 2521 ,
3375 2444 3681 2527 quoniam

2808 2551 3222 2616 ministerium
3347 2550 3681 2614 functionis

2806 2657 2995 2722 huius
3036 2676 3167 2721 non
3199 2655 3405 2720 solum
3432 2655 3682 2739 supplet

2807 2782 2885 2828 ea
2925 2783 3094 2846 quae
3147 2763 3377 2827 desunt
3429 2764 3679 2840 sanctiS,

2805 2870 2917 2936 sed
2985 2872 3050 2935 et
3132 2868 3463 2933 abundare
3535 2870 3681 2934 facit

2803 2995 2921 3060 per
2953 2976 3300 3041 multorum
3328 2974 3678 3057 gratiarum

2805 3082 3122 3147 actionem
3164 3081 3309 3157 deo;
3378 3100 3494 3164 per
3528 3100 3677 3163 pro-

2802 3188 3128 3253 bationem
3201 3187 3677 3252 ministrationis

2802 3294 2992 3360 huius
3032 3293 3451 3376 glorificantes
3478 3293 3674 3359 deum

2801 3402 2869 3467 in
2919 3401 3219 3485 obsequio
3274 3401 3673 3468 confessionis

2801 3511 3049 3574 uoetrae
3131 3507 3199 3572 in
3270 3508 3673 3591 euangelium

2801 3615 3032 3682 Christi
3127 3616 3192 3681 et
3280 3616 3672 3698 simplicitate

2802 3720 3389 3787 communicationis
3429 3723 3496 3786 in
3537 3722 3671 3788 illos

2800 3832 2864 3893 et
2899 3829 2966 3892 in
3009 3845 3256 3905 omnae,

2800 4041 2866 4104 et
2904 4040 2972 4104 in
3005 4040 3284 4122 ipsorum
3311 4041 3670 4123 precatione

2798 4164 2916 4228 pro
2953 4144 3133 4210 uobis
3176 4146 3669 4212 desiderantium

2798 4270 2916 4315 uos
2959 4255 3216 4335 propter
3258 4254 3668 4319 excellentem

2799 4357 3069 4440 gratiam
3153 4358 3255 4422 dei
3338 4361 3403 4424 in
3468 4359 3665 4425 uobiS.

2799 4464 3047 4529 Gratias
3126 4465 3248 4531 deo
3324 4486 3513 4550 super
3572 4467 3668 4530 in-

2802 4571 3138 4636 enarrabili
3177 4572 3350 4638 dono
3390 4573 3541 4639 eius.

3807 1164 3965 1231 dum
4035 1162 4211 1247 quod
4278 1182 4413 1229 non
4484 1162 4679 1232 habet

3809 1276 3918 1336 cet.

3806 1376 3910 1442 IX.
3940 1375 4004 1453 ¹⁰.
4013 1375 4138 1455 Qui
4163 1377 4380 1442 autem
4409 1374 4677 1441 admini-

3804 1487 3964 1550 strat
4034 1503 4253 1548 semen
4321 1482 4678 1560 seminanti,

3806 1594 3871 1655 et
3899 1608 4134 1674 panem
4162 1588 4250 1655 ad
4278 1588 4678 1654 manducan-

3805 1696 3959 1761 dum
4003 1695 4345 1780 praestabit
4372 1699 4436 1760 et
4463 1695 4679 1760 multi-

3803 1802 4066 1886 plicabit
4079 1800 4299 1868 semen
4315 1805 4601 1868 uestrum
4613 1805 4678 1869 et

3804 1908 4062 1991 augebit
4110 1909 4500 1975 incrementa
4542 1908 4676 1974 fru-

3803 2034 3958 2098 gtnn
3974 2016 4246 2080 iustitiae
4261 2019 4532 2093 uestrae,
4549 2015 4573 2052 ¹
4582 2015 4677 2082 ¹ut

3803 2123 3869 2187 in
3942 2123 4238 2188 omnibus
4311 2121 4674 2205 locupletati

3803 2228 4140 2294 abundetis
4163 2229 4225 2292 in
4247 2247 4506 2293 omnem
4525 2228 4674 2294 sim-

3803 2335 4146 2417 plicitatem
4179 2353 4345 2418 quae
4372 2336 4675 2417 operatur

3800 2461 3914 2524 per
3952 2461 4070 2506 nos
4107 2442 4456 2524 gratiarum
4479 2440 4674 2505 actio-

3801 2566 3951 2612 nem
3983 2548 4120 2626 deo,
4166 2548 4523 2631 ¹²quoniam
4552 2546 4678 2611 mi·-

3800 2655 4125 2719 nisterium
4139 2654 4327 2718 huius
4339 2653 4524 2719 officii
4539 2672 4675 2718 non

3799 2760 4005 2826 solum
4061 2762 4312 2843 supplet
4365 2780 4443 2825 ea
4505 2777 4673 2841 quae

3798 2867 4029 2932 desunt
4054 2868 4304 2946 sanctiS,
4333 2867 4445 2931 sed
4476 2868 4672 2932 etiam

3797 2974 4086 3039 abundat
4105 2993 4218 3057 per
4255 2974 4487 3039 multas
4524 2993 4672 3055 gra-

3795 3082 4030 3146 tiarum
4090 3080 4368 3145 actiones
4423 3081 4490 3144 in
4554 3081 4671 3147 do-

3794 3187 4000 3264 mino;
4037 3187 4090 3227 ¹⁸
4101 3205 4214 3270 per
4227 3185 4666 3268 probationem

3793 3291 4118 3359 ministerii
4186 3292 4375 3356 huius
4433 3292 4662 3375 glorifi-

3793 3403 4011 3466 cantes
4086 3398 4280 3465 deum
4347 3399 4414 3464 in
4473 3399 4662 3467 oboe-

3792 3507 4028 3574 dientia
4080 3505 4483 3573 confessionis
4550 3526 4661 3572 ue-

3790 3619 3959 3679 strae
4080 3614 4148 3678 in
4264 3614 4655 3696 euangelium

3792 3719 4023 3786 Christi
4111 3723 4176 3784 et
4272 3719 4648 3804 simplicitate

3791 3826 4372 3894 communicationis
4408 3829 4472 3891 in
4514 3824 4643 3889 illos

3790 3937 3855 3998 et
3895 3934 3959 3998 in
4007 3953 4243 4012 omnae,

3797 4040 3851 4079 ¹⁴
3868 4043 3932 4104 et
4002 4041 4280 4123 ipsorum
4353 4040 4650 4105 obsema-

3787 4147 3960 4211 tione
4003 4166 4118 4229 pro
4179 4147 4360 4212 uobis
4412 4144 4654 4211 deside-

3787 4253 4064 4318 rantium
4087 4273 4202 4318 uos
4222 4257 4479 4337 propter
4506 4253 4658 4317 emi-

3787 4362 4048 4424 nentem
4103 4361 4372 4443 gratiam
4433 4360 4534 4424 dei
4592 4361 4657 4424 in

3787 4466 3985 4531 uobis.
4015 4466 4317 4532 ¹⁶Gratias
4337 4468 4457 4533 deo
4471 4485 4660 4550 super

3785 4572 4190 4639 inenarrabili
4259 4574 4430 4639 dono
4506 4574 4660 4638 eius,

805 4752 873 4809 A
940 4751 990 4806 9.
1022 4772 1107 4802 ινα
1142 4771 1195 4802 εν
1233 4766 1395 4802 mnne
1428 4745 1800 4810 πλωοτιζομενοι
1832 4746 1876 4800 F
1893 4746 1957 4801 G.
2026 4744 2107 4799 20.
2144 4764 2218 4796 τω
2253 4748 2336 4796 θω
2372 4743 2462 4799 die
2494 4745 2673 4817 fibrig.
2711 4746 3085 4801 Handschrift.
3120 4775 3188 4786 —
3223 4768 3307 4799 mo
3343 4748 3485 4803 fehlt
3520 4747 3581 4802 in
3615 4748 3722 4803 den
3756 4747 3933 4819 fibrig.
3969 4748 4269 4805 Handechr.

804 4888 874 4943 ιι
942 4887 992 4941 s.
1027 4886 1407 4942 subministrat
1440 4884 1477 4939 ᾱ
1492 4899 1538 4954 g
1570 4883 1925 4940 Ambrosiast.
1995 4882 2043 4935 5.
2079 4881 2140 4935 cn
2173 4896 2349 4936 escam
2382 4879 2419 4934 ᾱ
2453 4839 3029 4938 αᾶ.·”“ηἷ“ἇῖἶὲὲωαηᾱαω
3047 4897 3091 4951 g
3117 4911 3183 4922 -
3210 4884 3650 4939 mmmmm
3681 4884 3718 4939 «ι
3751 4886 4086 4941 ministrabit
4100 4880 4456 4938 Ambrosiast.
4491 4882 4662 4938 πεπε-

940 4974 1138 5028 strabit
1174 4980 1198 5027 t
1237 4973 1436 5027 ενΐῠιιπ
1468 4985 1527 5039 ς.
1606 4971 1654 5026 7.
1690 4972 2097 5026 εωπίηαείοπεηι
2133 4973 2369 5021 uestram
2407 4965 2662 5037 cyprian.
2745 4968 2795 5023 9.
2832 4975 2897 5024 ut
2929 4968 3071 5024 fehlt
3112 4969 3163 5024 d.
3212 5000 3278 5009 —
3314 4969 3600 5026 abundetis
3631 4969 3775 5025 fehlt
3811 4971 3848 5026 d
3870 4987 3931 5041 ς.

4017 4971 4097 5023 14.
4124 4969 4435 5039 functionis
4471 4968 4660 5036 huius,

938 5059 1036 5114 das
1070 5059 1130 5114 in
1165 5058 1403 5114 sammtl.
1438 5057 1641 5129 griech.
1676 5055 1980 5112 Handschr.
2029 5052 2206 5117 steht,
2260 5052 2472 5108 scheint
2514 5070 2616 5108 aus
2669 5054 2946 5111 Versehen
2999 5056 3339 5127 anagefanen
3389 5074 3457 5111 zu
3507 5055 3640 5112 sein.
3725 5058 3804 5112 16.
3845 5073 3950 5128 per
3996 5056 4292 5111 mmmmm
4336 5056 4653 5124 qratiarum

935 5146 1202 5201 actionem
1237 5144 1338 5200 deo
1374 5144 1411 5199 d
1428 5159 1473 5213 ς
1516 5161 1620 5215 per
1651 5145 1947 5199 multorum
1987 5142 2299 5212 qratiarum
2331 5142 2573 5195 actiones
2607 5142 2668 5195 in
2701 5141 2802 5196 deo
2839 5141 3224 5207 Ambrosiast.‚
3276 5142 3381 5199 den
3431 5160 3560 5197 man
3610 5145 3751 5199 noch
3799 5143 3937 5198 oben
3988 5159 4056 5194 zu
4108 5140 4141 5194 2
4172 5140 4293 5197 Cor.
4330 5143 4382 5206 4,
4422 5141 4487 5195 15
4527 5156 4654 5195 ver-

937 5230 1192 5302 gleicheu
1222 5229 1392 5286 kann.
1466 5231 1545 5285 18.
1592 5230 1705 5301 vgl.
1746 5229 1888 5284 Einl.
1918 5227 1970 5283 S.
2014 5227 2094 5282 17.
2171 5225 2256 5279 20.
2292 5226 2715 5282 „amantionis
2747 5228 2914 5283 huius
2949 5229 3000 5283 (l.
3085 5228 3170 5283 30.
3216 5231 3527 5285 eminentem
3579 5236 3603 5284 t
3649 5229 3986 5285 ascalenem
4024 5241 4082 5295 ς.
4164 5226 4251 5282 32.
4288 5229 4508 5299 qratias
4542 5244 4652 5298 ayo

934 5315 1243 5373 Scholiasta
1274 5316 1442 5383 Hier„
1477 5316 1641 5372 Beda.

800 5407 858 5463 (2
925 5405 955 5437 ¹*
990 5405 1059 5460 de
1101 5420 1247 5473 oper.
1281 5404 1531 5458 monach.
1573 5403 1653 5457 18.
1692 5430 1756 5441 -—
1793 5401 1875 5455 10.
1923 5399 2025 5453 Die
2058 5397 2317 5453 fiflheren
2358 5397 2655 5467 Ausgaben
2705 5398 2884 5454 haben
2933 5399 3080 5454 nach
3115 5398 3285 5455 ditata·
3317 5416 3496 5472 gagen
3536 5401 3626 5457 die
3660 5400 4152 5458 hand-christliche
4186 5400 4649 5471 Ueberfieferung

932 5491 1076 5546 noch
1128 5489 1441 5558 abundatia
1489 5489 1664 5544 sicher
1708 5487 1784 5543 ist
1819 5486 2076 5556 tibrigens
2110 5485 2254 5539 auch
2291 5489 2361 5538 ut
2384 5499 2495 5569 ‘aus
2527 5484 2625 5539 der
2660 5484 2911 5556 Vulgata
2945 5484 3275 5555 interpolirt.

795 5581 866 5635 ΙΙ
932 5579 982 5632 6.
1015 5578 1331 5647 praestana
1365 5582 1417 5632 et
1450 5575 1844 5646 multiplicauit
1873 5571 1957 5627 fu.
2035 5572 2113 5626 13.
2154 5572 2419 5627 actionem
2450 5569 2533 5624 fu.
2603 5569 2686 5626 28.
2724 5572 3093 5627 obsecratione
3124 5570 3194 5626 fu
3226 5587 3323 5642 vg.
3398 5574 3481 5628 31.
3514 5575 3703 5644 qratia
3731 5571 3820 5629 fu.
3929 5626 3944 5631 -

2334 5675 2368 5730 2
2403 5676 2521 5731 Cor.
2554 5675 2608 5740 8,
2641 5675 2724 5730 12.

2799 5676 2848 5741 9,
2887 5675 3103 5731 10-15,
