5117 6800
817 1192 922 1254 ¹²⁰
962 1189 1039 1252 δε
1083 1213 1249 1254 nouo
1284 1214 1391 1256 και
1430 1211 1680 1276 ποιησω

807 1320 918 1362 ινα
947 1309 1206 1386 εκκοψω
1235 1320 1353 1382 την
1383 1322 1684 1386 αφορμην

807 1427 939 1468 των
990 1404 1326 1468 θελοντων
1382 1430 1684 1492 αφορμην

810 1535 917 1577 ινα
959 1533 1029 1575 εν
1071 1535 1122 1574 ω
1170 1535 1534 1594 καυχωτται
1587 1537 1685 1578 ευ-

758 1626 791 1680 5
816 1623 1105 1703 ρεθωσιν
1226 1625 1465 1686 καθωσ
1579 1646 1687 1686 και

813 1742 1007 1810 ’iu-⁹1⁰

821 1834 874 1873 ¹⁸
890 1855 947 1895 οι
986 1854 1106 1913 γαρ
1130 1855 1403 1898 τοιουτοι
1443 1835 1685 1924 ψευδο-

812 1938 1169 2003 αποστολοι
1198 1961 1458 2023 εργαται
1486 1942 1686 2006 dohet

810 2049 1513 2129 μετασχηματιζομεωι
1583 2065 1684 2115 εισ

726 2168 794 2225 10
815 2152 1234 2219 αποστολονσ
1259 2177 1343 2234 χυ
1396 2156 1567 2219 14’και
1609 2179 1684 2221 ου

812 2263 1051 2342 &avua
1150 2277 1359 2326 αυτοσ
1443 2285 1563 2348 γαρ
1649 2289 1684 2328 ο

813 2384 1119 2432 σατανασ
1201 2386 1684 2454 μετασχηματι·

814 2476 988 2551 ζεται
1028 2489 1130 2539 sio·
1161 2474 1425 2557 αγγελον
1460 2494 1686 2559 φωτοσ

830 2581 973 2642 ¹¹⁵ov
1013 2602 1177 2661 μεγα
1220 2604 1332 2645 ουν
1384 2606 1435 2646 ει
1480 2606 1587 2647 και
1628 2608 1686 2648 οι

730 2697 796 2753 15
813 2685 1096 2750 διακονοι
1132 2709 1333 2752 αυτου
1358 2707 1683 2774 μετασχη-

814 2796 1188 2875 ματιζονται
1250 2811 1346 2860 ωσ
1401 2796 1685 2863 deam-oa

814 2899 1232 2984 δικαιοσυνησ
1264 2924 1353 2964 ων
1385 2925 1463 2965 το
1488 2904 1684 2970 τελοσ

810 3025 999 3073 εσται
1091 3030 1260 3070 κατα
1357 3031 1443 3072 τα
1531 3034 1683 3095 εργα

808 3137 1025 3178 avum!
1081 3114 1352 3179 16ποιλιν
1391 3115 1550 3199 λεγω
1592 3141 1682 3202 μη

722 3221 915 3287 2οτισ
995 3244 1081 3304 με
1170 3222 1327 3307 δοξη
1423 3247 1682 3308 tempora

810 3351 974 3392 ειναι
1018 3351 1074 3392 ει
1113 3328 1155 3391 δ
1158 3350 1189 3390 ε
1221 3352 1378 3411 μηγε
1422 3354 1544 3394 κατ’
1586 3348 1682 3397 ωσ

810 3458 1068 3520 agrem-a
1110 3435 1407 3512 δεξασθε
1449 3461 1534 3519 με
1576 3462 1684 3503 ινα

811 3565 983 3624 καγω
1022 3564 1284 3623 μεικρον
1337 3566 1396 3605 τι
1452 3568 1682 3630 καυχη-

818 3666 1034 3732 σωμαι
1082 3650 1185 3711 ¹⁷0
1211 3649 1385 3712 λαλω
1420 3672 1494 3712 ου
1517 3674 1684 3714 κατα

721 3762 791 3818 25
810 3779 886 3818 κν
912 3755 1085 3820 taam
1113 3755 1233 3819 αλλ
1265 3772 1361 3822 ωσ
1392 3779 1464 3822 εν
1485 3780 1684 3842 αφρο-

812 3879 977 3945 cmv)
1018 3884 1089 3925 εν
1136 3883 1342 3947 votvm]
1391 3886 1470 3946 τη
1527 3885 1684 3927 υπο-

808 3984 1043 4034 στασει.
1115 3984 1240 4052 τησ
1302 3987 1685 4052 καυχησεωσ

816 4075 868 4113 ¹⁸
884 4097 1029 4138 επει
1056 4075 1284 4140 πολλοι
1318 4099 1685 4157 καυχωνται

805 4297 873 4354 A
943 4295 1028 4350 24.
1063 4317 1122 4348 ου
1154 4298 1262 4353 aaz.
1301 4319 1429 4350 κατα

1467 4320 1525 4350 κν
1561 4298 1806 4354 DELM.

2674 868 2809 939 108

1828 1187 2081 1266 ¹⁹Quod
2137 1192 2354 1254 autem
2408 1190 2569 1256 facio
2621 1195 2688 1256 et

1815 1294 2101 1360 facturus
2141 1316 2303 1374 sum,
2345 1301 2419 1362 ut
2459 1317 2688 1382 ampu-

1820 1404 1954 1466 tem
2003 1403 2425 1468 occassionem
2465 1423 2688 1469 eorum

1818 1507 1927 1590 qui
1963 1508 2189 1574 uolunt
2243 1510 2686 1590 occassionem,

1813 1616 1889 1680 ut
1915 1614 1979 1679 in
2026 1634 2103 1680 eo
2126 1616 2297 1697 quod
2343 1617 2687 1699 gloriantur

1816 1722 2221 1788 inueniantur
2249 1722 2408 1788 sicut
2447 1727 2512 1789 et
2548 1744 2684 1789 nos,

1825 1832 1876 1871 ¹⁸
1890 1831 2056 1896 Nam
2098 1830 2456 1896 huiusmodi
2499 1851 2686 1916 pseu-

1817 1938 2168 2020 doapostoli
2195 1937 2461 2021 operarii
2490 1937 2685 2003 dolosi

1819 2044 2341 2125 transfigurantes
2359 2063 2427 2108 se
2444 2046 2511 2108 in
2530 2063 2687 2127 apo-

1816 2151 2008 2217 stolos
2054 2151 2312 2228 Christi3
2386 2153 2516 2217 ¹⁴et
2553 2171 2686 2217 non

1814 2263 2079 2336 mirum3
2129 2261 2259 2342 ipse
2306 2259 2476 2324 enim
2516 2262 2687 2325 sata-

1815 2386 1932 2432 nas
2009 2367 2417 2448 transfigurat
2488 2386 2556 2431 se
2619 2368 2686 2431 in

1815 2476 2113 2557 angelum
2154 2472 2336 2549 lucis;

1823 2583 1877 2622 ¹⁵
1897 2601 2030 2647 non
2071 2599 2222 2663 ergo
2260 2599 2595 2662 magnum,
2636 2578 2687 2643 si

1814 2688 2081 2754 ministri
2149 2687 2281 2751 eius
2346 2688 2687 2772 transfigu-

1814 2797 2035 2860 rentur
2150 2796 2308 2859 sicut
2420 2796 2687 2861 ministri

1824 2901 2112 2979 iustitiae,
2193 2921 2465 2985 quorum
2542 2903 2687 2968 finis

1815 3009 2164 3074 secundum
2252 3008 2685 3091 operationem

1817 3116 2113 3199 ipsorum.
2183 3112 2483 3181 ¹⁰Iterum
2521 3117 2683 3195 dicO,

1818 3242 1901 3287 ne
1937 3222 2076 3306 quis
2112 3241 2216 3286 me
2240 3223 2548 3288 existimet
2588 3224 2685 3289 in-

1813 3330 2141 3414 sipientem
2185 3349 2348 3409 esse3
2406 3329 2686 3415 alioquin

1814 3436 1992 3503 uelut
2047 3438 2443 3519 insipientem
2491 3441 2686 3504 susci-

1813 3545 1942 3628 pite
1967 3565 2092 3624 me‚
2120 3547 2195 3609 ut
2221 3564 2340 3626 ego
2363 3546 2685 3611 modicum

1815 3651 1968 3734 quid
2010 3651 2252 3732 glorier.
2305 3653 2561 3731 ¹⁷Quod
2592 3654 2686 3719 lo·

1818 3777 1981 3841 quor
2018 3777 2150 3823 non
2194 3758 2417 3842 loquor
2460 3780 2686 3825 secun-

1818 3864 1973 3929 dum
2008 3865 2198 3929 deum
2242 3864 2354 3929 sed
2385 3867 2567 3949 quasi
2618 3869 2685 3931 in

1814 3971 2077 4037 stultitia
2118 3971 2368 4055 gloriae.

3209 1059 3284 1128 (3

2808 1190 2997 1270 Quod
3079 1195 3299 1258 autem
3374 1193 3534 1259 facio
3615 1194 3680 1258 et

2808 1299 3088 1364 facturus
3139 1319 3308 1380 sum,
3390 1303 3464 1366 ut
3539 1318 3678 1365 am-

2808 1410 3028 1489 putem
3048 1408 3440 1473 occasionem
3455 1426 3678 1472 eorum

2816 1513 2927 1596 qui
2980 1513 3204 1578 uolunt
3247 1515 3644 1580 occasionem
3659 1561 3676 1592 ,

2809 1621 2883 1683 ut
2928 1619 2994 1682 in
3029 1638 3159 1701 quo
3187 1619 3538 1702 gloriantur
3555 1635 3562 1646 ⁸
3577 1621 3676 1685 in-

2807 1724 3147 1791 ueniantur
3184 1728 3345 1792 sicut
3386 1731 3451 1791 et
3490 1747 3624 1791 nos

3000 2691 3034 2731 '¹‘
3075 2690 3198 2770 Qui
3220 2691 3675 2775 transfigurant

2804 2818 2872 2862 se
2911 2799 3072 2863 sicut
3098 2798 3366 2864 ministri
3386 2800 3671 2865 iustitiae.

3130 3115 3166 3155 '¹‘
3189 3116 3214 3155 ²
3242 3114 3474 3182 Iterum
3515 3117 3672 3198 dice,

2805 3241 2887 3288 ne
2926 3223 3066 3305 quis
3091 3241 3194 3286 me
3233 3223 3540 3288 existimet
3578 3225 3676 3290 in-

2811 3329 3138 3413 sipientem
3182 3348 3343 3408 esse3
3398 3331 3676 3416 alioquin

2809 3436 2986 3501 uelut
3043 3436 3435 3520 insipientem
3485 3439 3677 3504 susci-

2809 3545 2938 3628 pite
2978 3564 3100 3622 me,
3159 3547 3232 3607 ut
3274 3549 3337 3609 et
3380 3565 3497 3628 ego
3537 3566 3677 3610 mo·

2811 3652 3022 3716 dicum
3042 3650 3195 3734 quid
3216 3649 3456 3733 glorier.
3489 3653 3678 3731 Quod

2805 3758 3029 3841 loquor
3043 3777 3175 3822 non
3195 3755 3419 3840 loquor
3453 3780 3678 3825 secun-

2808 3864 2965 3928 dum
3010 3863 3203 3928 deum
3242 3866 3353 3930 sed
3392 3868 3576 3947 quasi
3611 3868 3678 3931 in

2807 3970 3067 4036 stultitia
3085 3971 3150 4034 in
3185 3972 3310 4036 hac
3326 3973 3679 4039 substantia

2811 4077 3061 4160 gloriae.
3156 4079 3472 4157 Quoniam
3538 4082 3678 4164 qui-

3806 1191 3859 1230 ¹²
3874 1189 4061 1269 Quod
4119 1193 4337 1257 autem
4402 1190 4562 1256 facio
4605 1193 4669 1256 et

3798 1298 4043 1376 faciam,
4087 1301 4162 1362 ut
4196 1299 4526 1380 amputem
4561 1316 4669 1363 oc-

3798 1406 4114 1470 casionem
4233 1423 4454 1470 eorum
4558 1404 4670 1487 qui

3797 1511 4024 1577 uolunt
4084 1512 4480 1577 occasionem
4497 1559 4512 1589 ,
4592 1514 4665 1590 ut

3795 1618 3863 1681 in
3885 1637 4014 1701 quo
4041 1618 4389 1700 gloriantur
4421 1617 4666 1682 inueni-

3795 1727 3988 1790 antur
4028 1727 4187 1790 sicut
4230 1728 4295 1790 et
4335 1744 4467 1789 nos,

3803 1830 4034 1896 ¹³Nam
4062 1830 4368 1895 eiusmodi
4393 1832 4664 1915 pseudo-

3797 1938 4061 2022 apostoli
4105 1937 4367 2022 operarii
4417 1937 4664 2003 subdoli

3793 2045 4318 2126 transfigurantes
4334 2064 4403 2109 se
4422 2045 4488 2109 in
4507 2063 4664 2127 apo-

3792 2151 3984 2217 stolos
4025 2151 4286 2228 Christi;
4370 2153 4493 2216 ¹⁴et
4532 2170 4667 2216 non

3795 2258 4058 2336 mirum3
4113 2259 4244 2343 ipse
4285 2259 4455 2324 enim
4496 2260 4664 2322 sata·

3793 2384 3914 2430 nas
3975 2366 4383 2448 transfigurat
4460 2384 4528 2428 se
4600 2364 4664 2427 in

3795 2471 4095 2553 angelum
4136 2470 4314 2547 lucis;

3805 2577 4002 2643 l¹⁵non
4046 2583 4306 2660 estergo
4338 2595 4665 2658 magnum,

3795 2685 3846 2750 si
3875 2685 4140 2750 ministri
4168 2687 4301 2750 eius
4329 2685 4669 2765 transfigu-

3794 2795 4015 2857 rentur
4114 2793 4291 2858 uelut
4403 2791 4668 2856 ministri

3795 2899 4095 2977 iustitiae,
4183 2918 4457 2982 quorum
4529 2898 4669 2962 finis

3795 3006 3912 3071 erit
4006 3005 4357 3071 secundum
4476 3023 4671 3087 opera

3794 3114 4093 3196 ipsorum.
4167 3113 4464 3177 ¹⁸Iterum
4512 3111 4668 3188 dico,

3797 3241 3879 3286 ne
3940 3222 4080 3304 quis
4133 3238 4239 3283 me
4293 3221 4482 3301 putat
4524 3218 4669 3283 insi-

3798 3330 4105 3413 pientem3
4165 3326 4448 3410 alioquin
4495 3325 4668 3390 uelut

3797 3435 4193 3518 insipientem
4246 3434 4508 3517 accipite
4547 3453 4664 3510 me,

3797 3545 3872 3607 ut
3912 3547 3975 3607 et
4012 3561 4129 3624 ego
4153 3543 4478 3607 modicum
4517 3541 4668 3625 quid

3798 3649 4037 3732 glorier.
4132 3650 4185 3688 ¹⁷
4200 3649 4387 3727 Quod
4440 3648 4660 3731 loquor

3797 3776 3930 3821 non
4011 3756 4236 3839 loquor
4312 3754 4648 3821 secundum

3799 3863 4128 3928 dominum
4194 3864 4301 3928 sed
4355 3860 4527 3943 quasi
4580 3858 4647 3921 in

3796 3971 4216 4054 insipientiam
4253 3972 4314 4033 in
4342 3968 4461 4033 hac
4498 3964 4650 4029 sub-

3798 4079 4031 4143 stantia
4078 4078 4323 4159 gloriae.
4411 4073 4462 4111 ¹⁸
4482 4072 4657 4150 Quo-

803 4383 873 4438 ΙΙ
942 4382 990 4437 2.
1019 4382 1283 4451 facturus
1318 4401 1436 4439 eum
1475 4399 1520 4453 g
1577 4384 1963 4452 Ambrosiaat.,
2014 4387 2176 4441 Auct.
2220 4386 2420 4457 singul.
2474 4385 2602 4442 cler.
2681 4387 2730 4441 5.
2775 4387 2838 4441 in
2879 4403 2940 4442 eo
2986 4385 3135 4456 quod
3182 4384 3536 4440 Ambrosiast..
3599 4386 3659 4440 in
3706 4402 3767 4441 co
3815 4387 3877 4441 in
3927 4401 4034 4454 qao
4083 4386 4246 4439 Auct.
4294 4380 4494 4452 singuL
4542 4378 4668 4433 cler·

3590 4480 3605 4510 t
3637 4472 3847 4512 huiuamodi

940 4516 989 4570 7.
1025 4517 1350 4573 huiusmodi
1383 4520 1546 4574 Auct.
1585 4486 1793 4592 singul.
1815 4519 1961 4585 cler„
2002 4520 2377 4585 Ambrosiam,
2413 4520 2665 4592 Synodic.
2703 4520 2910 4576 advers.
2942 4522 3188 4591 tragoed.
3228 4521 3369 4576 Iren.
3405 4522 3541 4578 tales
3577 4529 3600 4580 t
3644 4520 3911 4577 eiusmodi
3943 4535 4004 4589 ς.
4075 4519 4122 4575 8.
4162 4520 4345 4574 dolosi
4380 4516 4475 4586 dg
4510 4515 4669 4570 Auct.

937 4601 1140 4673 singul.
1182 4602 1341 4669 cler„
1394 4604 1649 4676 Synodic.
1688 4607 1811 4662 adv.
1860 4606 2106 4677 tragoed.
2155 4607 2322 4672 Iren.;
2378 4607 2489 4677 vgl.
2527 4606 2758 4662 Tei-tull.
2791 4607 3288 4677 pseudoapostolos
3332 4607 3472 4663 dicit
3520 4610 3807 4680 operarios
3855 4607 4164 4663 dolosos.

4273 4606 4353 4660 14.
4408 4610 4489 4659 est
4530 4601 4669 4657 fehlt

941 4688 978 4743 d
996 4703 1040 4757 g·
1073 4688 1471 4757 Ambrosiast.,·
1490 4693 1655 4746 Auct.
1694 4692 1747 4747 d.
1777 4692 2024 4763 promise.
2061 4692 2248 4749 dimid.
2284 4696 2479 4764 temp„
2513 4692 2763 4763 Synodic.
2802 4693 2927 4748 adv.
2955 4693 3203 4763 tragoed.
3249 4693 3390 4750 Iron.
3478 4696 3558 4750 16.
3610 4696 3754 4752 sicut
3784 4692 3917 4749 ibid.
3962 4709 4149 4747 ausser
4184 4707 4246 4761 g,
4299 4691 4398 4746 der
4432 4687 4539 4744 mit
4576 4688 4670 4743 der

939 4775 1186 4846 Vulgata.
1224 4775 1696 4833 ubereinstimmt.
1774 4780 1853 4833 17.
1904 4781 2010 4835 erit
2048 4779 2189 4834 fehlt
2224 4780 2384 4837 Auct.
2433 4780 2485 4835 d.
2531 4779 2777 4849 promise.
2825 4776 3014 4833 dimid.
3061 4780 3231 4849 temp.
3309 4779 3391 4833 18.
3432 4784 3802 4852 operationem
3848 4782 4098 4850 ipsorum
4133 4777 4266 4833 ibid.
4301 4778 4671 4849 operationem

938 4876 1124 4917 eorum
1177 4861 1435 4933 Synodic.
1484 4864 1609 4920 adv.
1652 4866 1901 4937 tragoed.
1947 4866 2087 4922 Iren.
2185 4867 2271 4921 20.
2316 4868 2588 4922 existimet
2629 4864 2723 4933 dg
2775 4863 3129 4919 Ambrosiast.
3220 4864 3304 4919 21.
3353 4881 3466 4921 esse
3513 4881 3582 4935 83
3630 4867 3882 4938 dagegen
3931 4864 4077 4920 fehlt.
4125 4881 4183 4919 es
4231 4863 4268 4918 d
4315 4859 4669 4917 Ambrosiast.

940 4947 1024 5003 22.
1060 4952 1323 5020 suscipite
1357 4950 1409 5004 d.
1482 4951 1565 5005 23.
1600 4958 1666 5007 ut
1698 4968 1795 5024 eqo
1831 4954 1883 5008 «l.
1952 4952 2035 5007 27.
2071 4954 2131 5007 in
2163 4956 2269 5009 hac
2316 4954 2629 5010 substantia
2662 4951 2777 5006 und
2825 4952 3082 5022 quoniam
3132 4950 3349 5021 quidem
3396 4952 3545 5008 nach
3607 4954 3834 5025 floriac,
3878 4952 3979 5007 das
4021 4952 4174 5006 sonet
4217 4947 4478 5019 nirgends
4511 4945 4670 5009 fehlt,

939 5032 1155 5089 scheint
1190 5052 1290 5090 aus
1326 5034 1602 5091 Versehen
1636 5036 1758 5093 hier
1791 5039 2132 5111 anagefallen
2166 5056 2233 5094 zu
2270 5038 2405 5095 sein.

800 5121 860 5178 (Ξ
936 5119 986 5173 2.
1020 5128 1085 5176 at
1120 5129 1394 5193 amputem
1430 5125 1763 5180 occasionem
1798 5127 1873 5181 iis
1909 5128 2006 5195 qui
2041 5133 2312 5196 quaerunt
2346 5127 2679 5182 occasionem
2712 5123 2878 5180 ficiet
2912 5123 3067 5180 citii-t
3100 5124 3168 5180 de
3203 5140 3361 5179 serm.
3397 5123 3601 5179 domin.
3636 5124 3694 5177 in
3731 5126 3899 5179 mont.
3936 5123 3986 5190 2,
4020 5125 4087 5179 54
4124 5165 4138 5179 .
4190 5152 4257 5163 -
4298 5122 4328 5152 ⁸
4371 5119 4431 5178 in
4470 5120 4569 5176 Iob
4603 5118 4672 5173 38

935 5205 1040 5261 frei
1071 5206 1243 5262 citirt.
1284 5237 1349 5248 --
1387 5209 1415 5240 ¹¹¹
1433 5208 1452 5238 ²
1489 5210 1557 5264 de
1599 5210 1833 5267 doctrin.
1870 5211 2162 5268 Christian.
2197 5213 2248 5276 4,
2287 5212 2367 5267 12.

802 5294 871 5348 Ι)
939 5293 990 5347 2.
1030 5295 1400 5351 occansionem
1435 5295 1519 5350 tu.
1592 5299 1643 5352 4.
1683 5299 2057 5355 occansionem
2092 5297 2176 5354 fu.
2260 5300 2308 5355 5.
2348 5298 2483 5353 tiber
2508 5299 2824 5368 qlom'antur
2856 5294 3072 5351 schrieb
3109 5295 3229 5351 eine
3264 5296 3482 5367 spatcre
3515 5296 3679 5350 Hand
3732 5296 3868 5352 tales
3902 5293 3983 5361 tu.
4071 5295 4120 5349 8.
4156 5300 4286 5350 sunt
4321 5308 4538 5364 operar.
4571 5306 4673 5360 vg.

937 5398 1017 5454 12.
1047 5383 1465 5471 trancfiqurarct
1499 5399 1585 5456 fu.
1682 5402 1763 5457 13.
1811 5405 1872 5458 in
1921 5419 2020 5457 vor
2072 5403 2321 5474 anqelum
2364 5404 2584 5472 spatere
2620 5401 2784 5455 Hand
2817 5399 2899 5454 su.
2989 5400 3071 5455 15.
3117 5402 3646 5472 namqui-arentur
3685 5397 3767 5453 fu·
3848 5399 3933 5454 20.
3964 5405 4124 5470 putet
4159 5413 4240 5467 vg
4288 5400 4560 5453 existimet
4592 5394 4679 5450 fu.

932 5486 1277 5556 insipientem
1316 5503 1429 5545 ecce
1459 5503 1543 5557 vg
1609 5504 1728 5544 esse
1773 5506 1881 5544 von
1919 5492 2167 5559 spfloerer
2199 5488 2363 5543 Hand
2393 5485 2478 5542 fu.
2562 5487 2648 5543 23.
2679 5493 2745 5542 ut
2777 5503 2874 5559 eqo
2909 5487 2990 5542 fu.

933 5572 1197 5642 sipientia
1230 5571 1299 5628 fu
1328 5590 1425 5644 vg.

2451 5678 2485 5731 2
2520 5676 2642 5733 cor.
2681 5679 2762 5759 31,
2804 5678 3022 5734 12—18.

3075 5487 3159 5542 25.
3199 5503 3310 5542 non
3345 5488 3542 5558 loquor
3577 5484 3869 5542 secundum
3904 5485 4063 5542 deu-m
4093 5483 4161 5539 fu
4199 5498 4298 5553 vg.
4379 5483 4463 5538 26.
4500 5484 4562 5538 in
4593 5483 4681 5537 in-
