5117 6800
1184 1059 1277 1131 A

800 1195 1074 1273 θελπιζω
1104 1193 1179 1256 δε
1202 1216 1299 1258 οτι
1325 1199 1666 1276 γνωσεσθε

798 1324 895 1365 οτι
916 1317 1110 1385 ημεισ
1137 1324 1251 1365 ουκ
1280 1319 1482 1390 εσμεν
1514 1303 1666 1367 αδο-

796 1430 968 1489 κιμοι

802 1516 1175 1596 ἐυχομεθα
1227 1515 1303 1577 δε
1336 1531 1510 1595 προσ
1553 1536 1668 1577 τον

747 1637 780 1691 5
799 1624 894 1686 θν
919 1644 1008 1704 μη
1046 1639 1313 1706 ποιησαι
1344 1638 1525 1702 υμασ
1559 1646 1668 1683 κα·-

797 1751 912 1792 xor
950 1729 1157 1811 μηδεν
1192 1751 1306 1808 ουχ
1333 1751 1441 1791 ινα
1475 1744 1669 1810 ημεισ

799 1832 1048 1914 δοκιμοι
1081 1857 1393 1918 §parmper
1413 1835 1534 1898 αλλ
1561 1858 1668 1897 ινα

797 1958 991 2022 υμεισ
1044 1964 1120 2004 το
1179 1942 1374 2006 καλον
1439 1964 1667 2024 ποιῆτε

796 2063 991 2130 ημεισ
1058 2047 1134 2135 (ξε
1198 2065 1294 2113 ωσ
1372 2048 1668 2130 αδοκιμοι

715 2165 779 2220 10
799 2175 973 2238 ωμεν
1013 2155 1130 2218 8ου
1163 2178 1282 2236 γαρ
1315 2155 1666 2237 δυναμεθα

795 2284 858 2325 τι
915 2285 1085 2324 κατα
1152 2279 1279 2343 τησ
1341 2263 1667 2345 mars-Jeme

795 2367 916 2431 αλλ,
960 2391 1127 2449 υπερ
1171 2385 1296 2452 τησ
1339 2370 1666 2453 αληθειασ

798 2476 1140 2556 ’χαιρομεν
1153 2493 1272 2556 γαρ
1295 2498 1451 2538 οταν
1477 2491 1666 2558 ημεισ

797 2584 1192 2662 ασθενωμει·
1294 2597 1485 2663 υμεισ
1590 2581 1665 2644 δε

714 2704 779 2759 15
798 2686 1061 2750 δυτάτοι
1127 2710 1241 2771 ητε
1304 2711 1496 2751 τουτο
1560 2711 1667 2751 και

797 2797 1133 2874 ευχομεθα
1157 2816 1276 2878 την
1308 2818 1484 2876 υμωι·
1516 2818 1666 2858 κατ-

795 2916 1047 2981 αρτισιν

804 3006 857 3044 ¹⁰
871 3005 981 3069 δια
1004 3028 1197 3070 τουτο
1225 3029 1435 3072 ταυτα
1475 3031 1667 3074 απων

791 3134 1018 3197 γραφω
1034 3136 1141 3176 ινα
1153 3135 1384 3194 παρων
1398 3139 1488 3200 μη
1501 3139 1667 3181 απο-

706 3238 776 3293 20
793 3237 1016 3303 τομωσ
1087 3237 1423 3304 χρησωμαι
1498 3245 1666 3286 κατα

791 3350 912 3412 την
990 3330 1293 3421 εξουσςαν
1344 3352 1425 3414 ην
1484 3354 1519 3393 ο
1584 3348 1669 3397 κσ

795 3435 1035 3498 εδωκεν
1091 3457 1202 3518 μοι
1255 3453 1356 3502 εισ
1429 3437 1668 3502 amodo-

792 3563 923 3625 μην
972 3565 1080 3606 και
1134 3564 1248 3606 ουκ
1290 3560 1391 3608 εισ
1433 3549 1667 3609 καθαι-

795 3664 976 3728 ρεσιν
1017 3673 1074 3711 κ.
1118 3672 1174 3711 τ.
1218 3649 1272 3713 λ.

1196 4240 1286 4310 Α

702 4395 769 4453 25
789 4373 860 4437 Π.
886 4373 1030 4437 ιὀισ
1077 4372 1229 4436 onds
1270 4389 1448 4456 προσ
1492 4394 1666 4456 ωραν

791 4482 1058 4562 ειξαμεν
1100 4503 1179 4567 τη
1228 4502 1518 4563 υποταγη
1560 4503 1667 4544 ινα

788 4610 829 4669 η
887 4585 1171 4671 αληθεια
1239 4611 1355 4651 του
1413 4609 1663 4668 ευαγγε-

787 4693 926 4758 λιου
948 4693 1246 4777 διαμεινη
1282 4710 1457 4776 προσ
1485 4710 1667 4775 υμασ

2649 873 2783 942 112

1802 1192 2041 1277 “Spero
2075 1197 2293 1260 autem
2333 1196 2482 1276 quia
2523 1215 2673 1278 cog-

1800 1302 2078 1366 noscetis
2160 1302 2463 1384 quoniam
2554 1322 2669 1368 nos

1801 1425 1933 1471 non
1975 1427 2194 1472 sumus
2238 1408 2505 1491 reprobi.

1804 1511 2102 1578 'Oramus
2122 1518 2337 1580 autem
2349 1516 2434 1582 ad
2455 1516 2668 1595 deum,

1804 1637 1885 1682 ne
1953 1621 2104 1703 quid
2167 1623 2412 1687 faciatis
2495 1625 2668 1703 mali,

1797 1744 1928 1791 non
1958 1730 2031 1791 ut
2051 1746 2169 1792 nos
2195 1729 2445 1812 probati
2468 1749 2668 1814 appa-

1796 1853 2069 1914 reamuS,
2111 1835 2222 1899 sed
2257 1840 2329 1900 ut
2356 1856 2471 1901 uos
2493 1837 2668 1918 quod

1805 1939 2049 2005 bonum
2099 1946 2194 2006 aet
2243 1942 2509 2021 faciatis,
2552 1963 2670 2008 nos

1797 2050 2011 2112 autem
2101 2050 2349 2131 reprobi
2428 2071 2665 2116 sumus.

1799 2153 1989 2218 ΒΝοι]
2078 2157 2247 2220 enim
2333 2176 2667 2240 possumus

1796 2261 2035 2344 aliquid
2074 2265 2295 2329 contra
2335 2266 2667 2329 ueritatem

1794 2368 1906 2433 sed
1945 2386 2063 2451 pro
2101 2370 2451 2435 ueritatem.

1798 2476 1826 2513 ⁹
1843 2474 2221 2540 Gaudemus
2250 2478 2424 2541 enim
2460 2497 2666 2556 Quan-

1795 2582 1880 2648 do
1939 2601 2057 2646 nos
2112 2583 2343 2648 infirmi
2424 2604 2666 2662 summ,

1799 2708 1914 2754 uos
1944 2692 2161 2754 autem
2185 2693 2473 2773 potentes
2487 2694 2666 2767 estis3

1798 2797 1921 2861 hoc
2005 2796 2195 2860 etiam
2290 2816 2669 2880 praecamur

1796 2907 2076 2969 uestram
2142 2904 2624 2983 perfectionem.

1810 3009 2011 3075 ¹⁰1deo
2024 3009 2185 3074 haec
2195 3010 2423 3075 absens
2436 3010 2667 3087 scribe,

1803 3119 1875 3181 ut
1934 3135 2230 3199 praesens
2305 3135 2437 3182 non
2507 3117 2668 3182 dure

1798 3226 1947 3288 utar
1987 3224 2340 3289 secundum
2389 3228 2667 3307 potesta-

1797 3332 1929 3394 tem
1951 3349 2149 3414 quam
2173 3331 2466 3396 dominus
2493 3332 2670 3397 dedit

1796 3438 1950 3502 mihi
2032 3438 2098 3502 in
2164 3438 2667 3506 aedificationem

1796 3546 1832 3586 *
1873 3546 1908 3586 *
1949 3546 1984 3586 *

2794 1509 3105 1576 *Oramus
3117 1515 3338 1576 autem
3349 1509 3436 1576 ad
3449 1510 3660 1590 deum,

2789 1637 2872 1683 ne
2947 1617 3100 1699 quid
3181 1617 3421 1686 faciatis
3491 1619 3660 1698 mali,

2789 1743 2920 1790 non
2964 1726 3037 1788 ut
3087 1743 3205 1789 nos
3258 1725 3508 1807 probati
3547 1744 3662 1807 ap-

2789 1849 3154 1914 pareamuS‚
3229 1830 3342 1895 sed
3412 1835 3485 1896 ut
3545 1850 3662 1896 uos

2789 1936 2964 2021 quod
2995 1937 3239 2002 bonum
3266 1940 3361 2001 est
3401 1938 3658 2002 faciatis.

2430 3974 2572 4074 Ad
2631 3976 3016 4076 Galatas,

1943 4587 1978 4627 *
2005 4588 2040 4628 *
2064 4587 2099 4628 *
2155 4588 2466 4669 euangelii
2516 4608 2658 4672 per·

1782 4697 2042 4759 maneat
2081 4695 2168 4760 ad
2206 4714 2342 4760 uoS.

3179 4242 3252 4312 (Β

2777 4380 2811 4422 *
2831 4381 2858 4419 ²
2897 4377 3143 4457 Quibus
3170 4393 3290 4440 nee
3311 4374 3398 4440 ad
3427 4374 3653 4439 horam

2778 4486 3077 4552 cessimus
3114 4481 3517 4558 subiectione,
3581 4483 3654 4543 ut

2778 4593 3016 4659 ueritas
3116 4586 3425 4668 euangelii
3513 4604 3655 4669 per-

2780 4695 3042 4759 maneat
3084 4694 3166 4758 ad
3207 4712 3344 4758 uos,

787 4877 853 4932 A
925 4876 1008 4931 13.
1039 4895 1295 4948 χαιρωμιν
1331 4875 1379 4929 D
1417 4875 1553 4939 und,
1590 4873 1696 4930 wie
1732 4892 1790 4931 es
1821 4875 2058 4941 scheint,
2095 4876 2240 4931 auch
2274 4874 2335 4930 Ε.
2423 4876 2500 4929 19.
2539 4897 2604 4930 n.
2640 4896 2711 4943 μη
2748 4894 2926 4945 παραυ
2962 4873 3202 4930 DEFG.

785 4964 856 5020 B
926 4964 977 5018 4.
1010 4961 1087 5019 ad
1122 4963 1281 5018 deum
1316 4977 1360 5030 g·
1397 4962 1559 5016 Auct.
1596 4960 1754 5032 epist.
1789 4962 1861 5017 ad
1889 4961 2223 5017 Demetriad.
2255 4961 2332 5017 ad
2372 4961 2652 5017 dominum
2685 4961 2890 5017 Arnob.
2926 4960 3043 5016 iun.
3112 4965 3162 5017 5.
3198 4978 3266 5018 ne
3299 4961 3435 5031 quid
3467 4961 3604 5016 mali
3628 4961 3869 5030 faciatis
3904 4959 4038 5016 ibid.
4076 4976 4142 5016 ne
4175 4961 4477 5039 qaidqwm
4522 4959 4657 5015 mali

911 5048 1150 5118 faciatis
1193 5047 1553 5104 Ambrosiast.
1600 5064 1668 5103 ne
1707 5047 1947 5116 faciatis
1988 5064 2094 5104 uos
2139 5051 2428 5119 quicquam
2475 5048 2613 5103 mali
2657 5047 2694 5102 d
2738 5063 2805 5103 ne
2840 5047 3072 5114 faciatis
3115 5064 3220 5104 aas
3266 5047 3473 5103 malum
3518 5047 3730 5107 mutam
3766 5062 3826 5116 g·-
3917 5046 3967 5102 6.
4017 5063 4391 5118 appareamus
4426 5061 4471 5115 g·
4525 5046 4656 5100 Am·

926 5133 1202 5201 bronium
1254 5151 1553 5205 pareamus
1588 5134 1625 5189 d
1660 5134 1967 5191 Scholiasta
1999 5134 2148 5190 Hier.
2224 5134 2303 5190 13.
2336 5133 2638 5204 quademue
2673 5134 2710 5188 d
2730 5149 2777 5204 ς
2808 5132 3186 5199 Ambmsiasa,
3222 5133 3407 5190 Sedul.

787 5221 848 5278 Φ·
923 5220 954 5252 *
984 5221 1053 5277 de
1087 5222 1416 5291 correption.
1452 5223 1510 5276 et
1547 5222 1690 5292 grat.
1726 5221 1776 5277 3.
1814 5251 1880 5261 —
1926 5222 1976 5276 4.
2013 5238 2235 5277 oramus
2282 5226 2463 5276 autem
2510 5218 2589 5276 ad
2622 5219 2781 5275 deum
2823 5236 2892 5275 ne
2938 5219 3074 5291 quid
3098 5221 3336 5290 faciatis
3382 5220 3519 5275 mali
3553 5216 3686 5272 ibid.
3727 5218 3808 5272 10.
3852 5246 3918 5256 --
3966 5217 4029 5249 *⁸
4073 5219 4232 5291 epist.
4270 5220 4356 5285 82,
4395 5219 4492 5285 123
4542 5217 4658 5289 vgl.

938 5323 1122 5377 expos.
1158 5307 1317 5377 epist..
1352 5308 1427 5363 ad
1462 5307 1584 5364 Gal.
1623 5308 1685 5363 11
1741 5308 1937 5378 quibus
1971 5324 2028 5363 se
2056 5323 2152 5363 nec
2187 5306 2264 5362 ad
2298 5309 2493 5363 horam
2526 5305 2590 5361 id
2625 5313 2706 5362 est
2736 5323 2833 5362 nec
2868 5306 2945 5362 ad
2983 5313 3195 5378 tempus
3237 5313 3460 5363 ceseieee
3509 5303 3649 5360 dicit
3692 5304 3992 5360 subeatiom'
4027 5312 4091 5360 ut
4138 5309 4348 5362 ueritas
4384 5304 4661 5376 euanqela·

914 5399 1261 5464 permaneret
1294 5392 1371 5448 ad
1403 5401 1602 5465 yentee.

3792 1197 3821 1236 ⁶
3836 1195 4036 1280 Spero
4069 1199 4286 1261 autem
4309 1197 4483 1279 quod
4513 1216 4660 1280 cog-

3785 1305 4057 1369 noscetis
4129 1303 4281 1386 quia
4354 1322 4474 1368 nos
4527 1323 4660 1369 non

3784 1429 4006 1475 sumus
4045 1411 4315 1494 reprobi.

3790 1518 3817 1556 '¹
3830 1515 4105 1582 Oramus
4163 1521 4382 1581 autem
4446 1516 4656 1595 deum,

3785 1627 3857 1688 ut
3879 1623 4032 1688 nihil
4059 1624 4209 1688 mali
4240 1624 4498 1703 faciatis»,
4524 1642 4659 1688 non

3783 1734 3857 1795 ut
3880 1750 3996 1795 nos
4020 1730 4268 1814 probati
4300 1748 4658 1813 parcarum,

3780 1836 3895 1903 sed
3933 1840 4007 1901 ut
4048 1856 4165 1901 uos
4206 1837 4380 1919 quod
4409 1836 4655 1901 bonum

3782 1946 3878 2007 est
3933 1943 4198 2023 faciatiS,
4261 1963 4379 2009 nos
4438 1946 4657 2007 autem

3781 2052 3855 2114 ut
3891 2050 4143 2133 reprobi
4181 2069 4418 2115 sumus.

3784 2156 3967 2222 ⁸Non
3992 2158 4164 2222 enim
4185 2174 4518 2240 possumus
4544 2153 4655 2219 ali·

3782 2264 3938 2347 quid
3984 2263 4289 2329 aduersus
4324 2264 4657 2328 ueritatem

3781 2370 3894 2435 sed
3935 2389 4051 2453 pro
4090 2371 4377 2436 ueritate.

3784 2479 3811 2517 ⁹
3825 2475 4235 2542 Gaudeamus
4257 2478 4427 2542 enim
4451 2495 4656 2560 quan·

3785 2583 3870 2648 do
3939 2602 4055 2648 nos
4104 2584 4338 2648 infirmi
4415 2602 4654 2660 sumus

3783 2709 3899 2755 uos
3926 2694 4144 2755 autem
4165 2693 4455 2773 potentes
4479 2690 4655 2766 estis

3709 2823 3716 2828 ·
3782 2794 3906 2861 hoc
3946 2800 4010 2861 et
4071 2816 4326 2861 oramus
4378 2801 4657 2862 uestram

3781 2904 4417 2969 consummationem.

3791 3008 3992 3074 ¹⁰Ideo
4007 3009 4170 3074 haec
4189 3010 4418 3074 absens
4433 3010 4655 3087 scribo,

3780 3119 3855 3181 ut
3913 3134 4046 3180 non
4103 3134 4406 3201 praesens
4441 3116 4656 3181 durius
4777 3111 4800 3132 ³

3782 3242 3973 3305 agam
4002 3223 4353 3289 secundum
4381 3225 4656 3306 potesta-

3779 3333 3910 3395 tem
3934 3349 4131 3413 quam
4161 3328 4457 3394 dominus
4486 3327 4656 3393 dedit

3779 3437 3936 3502 mihi
4006 3438 4073 3503 in
4151 3436 4652 3502 aedificationem

3780 3547 3845 3609 et
3881 3562 4013 3609 non
4048 3543 4115 3608 in
4143 3543 4647 3609 destructionem.

3774 4374 3845 4438 II.
3873 4374 3900 4413 ⁶
3927 4373 4172 4453 Quibus
4275 4393 4486 4458 neque
4569 4371 4658 4437 ad

3774 4481 4002 4546 horam
4056 4481 4355 4547 cessimus
4408 4481 4655 4546 subiec-

3775 4588 3950 4666 tioni‚
3986 4589 4062 4653 ut
4085 4588 4319 4653 ueritas
4345 4586 4655 4670 euangelii

3776 4698 4153 4778 permaneat
4197 4694 4372 4776 apud
4415 4713 4546 4759 uos.

784 5482 852 5537 l)
926 5481 973 5535 1.
1011 5482 1336 5552 cognoscitis
1369 5480 1453 5536 fu.
1520 5483 1571 5536 4.
1609 5480 1689 5536 ad
1722 5499 1821 5537 vor
1862 5481 2020 5537 deum
2054 5497 2162 5535 von
2199 5480 2447 5550 spaterer
2468 5477 2634 5533 Hand
2673 5477 2756 5534 fu.
2824 5479 2875 5534 6.
2912 5494 3287 5551 appareamus
3307 5491 3407 5546 vg.
3475 5476 3525 5532 9.
3564 5477 3736 5532 simus
3760 5475 3826 5530 fu
3842 5489 3940 5546 vg.
4013 5458 4093 5533 12.
4127 5495 4237 5548 pro
4260 5480 4549 5534 ueritatem
4574 5475 4670 5532 tn.

923 5566 1004 5623 13.
1036 5565 1337 5637 ραιιᾱαηαε
1373 5566 1442 5622 fu
1474 5582 1572 5637 vg.
1614 5597 1677 5607 —-
1715 5569 1973 5638 quoniam
2003 5581 2101 5635 vg.
2180 5565 2264 5620 23.
2299 5564 2711 5621 distractionem
2747 5563 2830 5621 fu.
2915 5566 3001 5621 26.
3036 5566 3365 5621 subiectione
3399 5577 3496 5632 vg.

2262 5669 2297 5723 2
2329 5667 2448 5724 Cor.
2490 5669 2572 5733 13,
2608 5667 2795 5724 6—10.
2864 5667 2987 5723 Gal.
3022 5667 3071 5734 2,
3111 5669 3161 5724 5.
