5117 6800
1199 987 1293 1058 A

813 1118 973 1202 ζηλω
1076 1140 1459 1205 ηρμοσαμην
1560 1144 1679 1203 γαρ

804 1246 989 1308 ,υμασ
1047 1248 1142 1289 ενι
1196 1227 1384 1308 ανδρι
1425 1231 1680 1309 παρθε-

812 1354 926 1395 νον
988 1354 1185 1416 αγνην
1263 1355 1680 1418 παραστησαι

810 1461 903 1501 τω
921 1461 1013 1520 χω
1058 1440 1428 1522 Βφοβουμαι
1458 1441 1533 1504 δε
1558 1463 1680 1525 μη-

761 1554 794 1610 5
813 1566 963 1608 πωσ
992 1562 1086 1610 ωσ
1114 1568 1149 1608 0
1172 1568 1327 1628 οφισ
1359 1550 1679 1633 εξηπατη-

818 1673 930 1715 σεν
957 1674 1115 1714 ευαν
1130 1674 1202 1714 εν
1221 1674 1301 1736 τη
1323 1674 1680 1735 πανουργια

814 1780 1015 1820 αυτ-ου
1027 1762 1257 1842 φθαρη
1280 1781 1364 1820 τα
1382 1781 1680 1843 ἰὀηματα

812 1885 995 1945 υμων
1012 1886 1150 1927 cerro
1165 1886 1287 1948 τησ
1308 1865 1677 1951 απλοτητοσ

814 1993 923 2034 και
973 1992 1095 2054 τησ
1147 1992 1501 2054 αγιυτητοσ
1556 1994 1678 2055 τησ

730 2094 798 2149 10
812 2098 914 2141 εισ
953 2099 1067 2140 τοι·
1106 2100 1187 2157 χν
1253 2078 1354 2140 4ει
1395 2099 1520 2158 μεν
1558 2099 1678 2158 γαρ

815 2206 850 2246 0
935 2205 1284 2265 ερχομενοσ
1362 2184 1557 2247 αλλον
1615 2206 1680 2246 ιν

813 2312 1114 2374 κηρυσσει
1170 2313 1245 2353 ον
1294 2313 1407 2353 ουκ
1466 2311 1680 2373 εκηρυ-

816 2400 1025 2479 ξαμεν
1066 2420 1106 2480 η
1148 2419 1411 2476 :rra-evum
1461 2419 1681 2478 ετερον

810 2503 1184 2586 λαμβανετε
1214 2526 1248 2564 0
1270 2525 1383 2565 ουκ
1413 2503 1681 2584 erasm

732 2632 855 2693 15⁷]
939 2609 1299 2690 ευαγγελιον
1380 2632 1598 2690 &tepor
1649 2632 1683 2673 o

2661 800 2797 870 106

1809 1119 2151 1186 mulatione
2230 1120 2361 1196 dei3
2459 1120 2676 1203 aptaui

1809 1225 1978 1290 enim
2035 1245 2150 1291 uos
2208 1228 2321 1292 uni
2372 1229 2507 1292 uiro
2549 1227 2678 1290 uir-

1809 1331 2021 1415 ginem
2103 1336 2345 1398 castam
2432 1333 2679 1398 exibere

1810 1435 2075 1502 Christo.
2160 1439 2188 1478 ⁸
2203 1438 2421 1502 Timeo
2460 1443 2678 1504 autem

1808 1562 1919 1620 ne,
1959 1544 2121 1609 sicut
2178 1563 2432 1627 serpens
2472 1546 2677 1611 Euam

1810 1649 2021 1715 fefellit
2063 1652 2340 1718 uersutia
2360 1672 2498 1731 sua,
2541 1672 2678 1717 cor-

1808 1760 2185 1839 rumpantur
2258 1764 2504 1823 mentes
2567 1778 2680 1824 ue-

1808 1866 1975 1928 strae
2055 1884 2096 1928 a
2153 1864 2547 1947 simplicitate
2617 1868 2681 1930 et

1810 1970 2094 2034 castitate
2191 1990 2356 2054 quae
2438 1975 2532 2036 est
2614 1973 2680 2036 in

1810 2074 2056 2140 Christo
2098 2076 2253 2141 lesu.
2309 2077 2337 2117 ⁴
2353 2077 2420 2143 Si
2463 2082 2681 2143 autem

1811 2183 1920 2266 qui
1976 2184 2151 2249 uenit
2212 2184 2409 2248 aliurn
2473 2185 2682 2249 Iesum

1810 2290 2134 2372 praedicat
2146 2310 2336 2373 quem
2352 2311 2482 2356 non
2496 2311 2682 2374 prae-

1812 2397 2161 2461 dicauimus
2177 2446 2193 2476 ,
2293 2401 2406 2463 aut
2488 2397 2684 2461 alium

1813 2503 2099 2586 spiritum
2124 2503 2448 2587 accepistis
2492 2522 2685 2586 quem

1813 2629 1945 2675 non
1987 2610 2326 2693 accepistiS‚
2371 2615 2484 2675 aut
2513 2610 2686 2675 aliud

2798 1120 2931 1195 dei3
2975 1120 3194 1202 aptaui
3226 1138 3344 1184 uos
3372 1120 3486 1184 uni
3529 1120 3667 1186 uiro

2797 1227 3110 1308 uirginem
3123 1229 3367 1292 castam
3376 1225 3669 1294 exhibere

2799 1331 3066 1397 Christ0.
3131 1332 3167 1372 '¹‘
3194 1332 3415 1398 Timeo
3451 1335 3669 1399 autem

2799 1457 2900 1517 ne,
2959 1439 3124 1504 sicut
3163 1458 3418 1522 serpens
3460 1439 3668 1506 Euam

2798 1544 3010 1611 fefellit
3052 1546 3333 1610 uersutia
3371 1565 3490 1610 sua
3504 1594 3520 1624 ,
3580 1547 3670 1611 ita

2801 1655 3287 1734 corrumpantur
3422 1655 3669 1717 mentes

2799 1762 3047 1824 nessae
3086 1778 3127 1822 a
3167 1759 3565 1841 simplicitate
3605 1761 3671 1822 et

2797 1865 3086 1930 castitate
3170 1884 3337 1949 quae
3418 1867 3513 1930 est
3602 1866 3670 1929 in

2787 1972 3066 2038 Christo.

3787 1141 3903 1188 uos
3924 1121 4028 1187 dei
4047 1122 4503 1198 aemulatione3
4533 1122 4657 1188 dis-

3786 1229 3983 1312 pondi
4008 1230 4179 1294 enim
4209 1248 4324 1294 uos
4367 1229 4479 1293 uni
4518 1229 4657 1296 uiro

3786 1334 4660 1419 uirginemcastamexhibere

3787 1441 4055 1508 Christo.
4125 1443 4153 1482 ⁸
4168 1442 4389 1506 Timeo
4443 1444 4659 1507 autem

3785 1567 3888 1628 ne,
3945 1549 4106 1614 sicut
4155 1567 4414 1631 serpens
4455 1548 4659 1614 Euam

3788 1655 4036 1720 seduxit
4091 1655 4326 1720 astutia
4360 1674 4507 1733 sua,
4566 1656 4659 1721 ita

3787 1764 4278 1845 corrumpantur
4299 1781 4519 1826 sensus
4547 1782 4659 1827 ue-

3786 1868 3898 1931 stri
3954 1870 4020 1932 et
4081 1868 4377 1933 excidant
4429 1888 4471 1934 a
4510 1869 4662 1934 sim-

3788 1972 4061 2057 plicitate
4159 1994 4327 2057 quae
4421 1978 4516 2040 aet
4595 1977 4662 2041 in

3789 2078 4055 2144 Christo.
4117 2081 4326 2147 ⁴Nam
4368 2082 4422 2147 si
4459 2081 4510 2146 is
4552 2084 4662 2165 qui

3789 2186 3967 2250 uenit
4064 2186 4260 2252 alium
4342 2186 4662 2253 Christum

3787 2292 4111 2375 praedicat
4122 2313 4319 2377 quem
4331 2313 4465 2358 non
4478 2313 4662 2376 prae-

3788 2398 4139 2466 dicabimus
4154 2448 4170 2478 ,
4273 2405 4387 2466 aut
4466 2401 4664 2474 alium

3788 2505 4078 2587 spiritum
4134 2507 4427 2589 accepitis
4468 2529 4664 2592 quem

3790 2630 3923 2676 non
3968 2612 4307 2695 accepistis
4354 2618 4469 2679 aut
4509 2615 4665 2682 aliut

813 2824 882 2886 A
953 2824 998 2877 1.
1038 2819 1161 2890 ζηλῶ
1200 2826 1277 2876 θυ
1310 2821 1369 2875 in
1403 2823 1437 2876 3
1472 2821 1706 2878 Minusk.
1792 2822 1841 2877 6.
1878 2843 1998 2874 senar
2033 2770 2241 2890 εξησὲατ.
2274 2820 2518 2875 DEKL.
2552 2848 2620 2862 --
2666 2841 2732 2889 τη
2783 2838 3029 2889 annover.
3079 2818 3220 2873 ohne
3271 2839 3324 2871 εν
3363 2817 3453 2872 D*
3499 2817 3589 2889 (de
3626 2826 3792 2875 astut.
3844 2821 3920 2891 d).
4003 2824 4052 2878 7.
4101 2828 4261 2895 ‹pst-xe.
4311 2823 4453 2880 ohne
4501 2846 4663 2880 cmm

950 2906 1260 2963 Z'D*FGP
1303 2928 1410 2962 ουτ.
1446 2911 1606 2979 φθαρ.
1655 2908 1738 2961 Db
1754 2907 2085 2961 17ΜἘΚῙιΜ.
2171 2907 2221 2961 8.
2270 2925 2362 2961 απ.
2414 2926 2511 2975 τησ
2559 2908 2811 2975 απλοτητ.
2860 2927 2942 2958 και
2989 2925 3086 2973 τησ
3138 2923 3419 2974 αγνοιητοσ
3467 2904 3671 2960 2*Γῦ
3720 2906 3834 2961 und
3880 2908 3913 2961 2
3951 2907 4186 2966 Minusk.
4236 2929 4330 2964 απ.
4379 2933 4428 2965 τ.
4479 2914 4662 2967 afflet.

950 2993 1119 3049 allein
1153 2993 1433 3048 DoKLM.
1507 2993 1587 3048 11.
1621 3015 1691 3061 gv
1724 2993 1847 3048 FG.

812 3084 882 3139 l!
957 3084 1001 3135 1.
1032 3082 1233 3151 aptam·
1268 3080 1427 3134 Auct.
1465 3080 1535 3134 de
1571 3078 1817 3149 promise.
1884 3078 1933 3133 6.
1969 3080 2217 3134 uersutia
2250 3095 2354 3133 sua
2391 3079 2554 3134 Beda.
2597 3107 2662 3117 —
2697 3079 2781 3133 ita
2822 3077 2964 3134 fehlt
2999 3076 3092 3145 dg·
3129 3075 3402 3131 Gaudent.
3500 3076 3549 3131 7.
3598 3083 3815 3134 uestrae
3849 3086 4048 3136 mentes
4085 3081 4249 3136 Beda.
4320 3082 4368 3138 8.
4421 3090 4476 3140 et
4517 3087 4664 3142 exci-

947 3167 1087 3223 dant
1119 3166 1264 3222 fehlt
1298 3167 1392 3233 dg·
1425 3164 1641 3220 Lucifer
1675 3165 1818 3232 Cal„
1854 3165 2092 3228 Hieron„
2129 3164 2486 3229 Ambrosiast,
2523 3164 2708 3236 Vigil„
2750 3163 3023 3220 Gaudent.
3052 3192 3117 3204 -
3146 3179 3183 3217 a
3220 3164 3572 3233 simplicitate
3607 3169 3661 3218 et
3690 3166 3942 3221 castitate
3975 3181 4022 3235 g
4055 3167 4205 3222 Beda
4252 3184 4290 3223 a
4323 3171 4580 3225 castitate
4611 3177 4666 3227 et

945 3254 1299 3324 simplicitate
1333 3253 1384 3307 d.
1457 3253 1539 3306 10.
1574 3252 1635 3307 in
1671 3251 1887 3307 Christo
1920 3252 2051 3306 Iesu
2085 3250 2299 3306 Lucifer
2320 3249 2450 3316 Cal„
2487 3251 2755 3316 Ambros„
2792 3250 2951 3306 Auct.
2990 3249 3062 3304 ad
3098 3249 3237 3321 virg.
3273 3249 3471 3315 devot„
3508 3248 3886 3318 Ambrosia-st„
3929 3251 4109 3324 vigil„
4146 3253 4422 3309 Gaudent.
4493 3255 4573 3309 ll.
4610 3257 4659 3311 is

944 3339 1088 3394 fehlt
1123 3356 1182 3408 g.
1218 3371 1285 3381 -
1322 3340 1503 3396 Iesum
1538 3338 1589 3394 d.

918 3429 996 3493 ,1.
1031 3428 1232 3497 aptaui
1265 3426 1333 3481 de
1368 3425 1558 3480 Genes.
1600 3426 1794 3479 eontra.
1843 3425 2079 3480 Manich.
2105 3425 2154 3489 2,
2194 3425 2260 3479 19
2304 3423 2362 3479 in
2399 3425 2592 3494 psalm.
2629 3425 2714 3488 39,
2753 3425 2780 3479 1
2832 3423 2891 3478 in
2938 3423 3054 3479 Ioh.
3091 3438 3287 3493 evang.
3332 3420 3381 3486 8,
3415 3422 3452 3476 4
3498 3439 3654 3479 serm.
3695 3423 3811 3490 195,
3850 3423 3882 3477 2
3929 3426 4122 3480 contra
4156 3424 4344 3480 Faust.
4394 3427 4475 3491 15,
4512 3428 4545 3482 3
4591 3429 4658 3483 de

948 3512 1090 3567 bono
1124 3510 1384 3566 viduitat.
1414 3512 1478 3565 13
1515 3513 1784 3580 sponsaui
1816 3528 1973 3566 serm.
2010 3511 2154 3566 ined.
2190 3511 2361 3582 Mign.
2401 3511 2464 3565 Β.
2498 3510 2568 3564 46
2603 3510 2655 3564 S.
2693 3510 2796 3563 938
2842 3510 3177 3581 desponsam·
3211 3507 3369 3578 epist.
3407 3507 3525 3573 188,
3564 3510 3596 3562 5
3635 3526 3794 3564 serm.
3829 3510 3948 3574 341,
3986 3511 4018 3564 5
4054 3510 4391 3581 desponsant
4425 3514 4564 3568 enim
4596 3513 4654 3567 in

948 3598 1141 3668 psalm.
1178 3598 1262 3662 90,
1298 3598 1348 3662 2,
1383 3597 1415 3649 9
1448 3597 1507 3649 in
1544 3596 1657 3650 Ioh.
1693 3614 1886 3666 evang.
1928 3597 2009 3664 13,
2051 3597 2113 3651 12
2146 3601 2342 3652 contra
2372 3597 2654 3652 Adimant.
2691 3596 2740 3661 7,
2771 3597 2822 3650 4.
2858 3626 2923 3636 -
2964 3596 2994 3627 *⁸
3040 3597 3108 3651 de
3145 3595 3336 3651 Genea.
3371 3598 3566 3650 contra
3603 3595 3838 3651 Manich.
3875 3598 3926 3662 2,
3957 3597 4036 3651 19.
4071 3628 4137 3637 —
4186 3599 4235 3653 3.
4283 3600 4445 3654 timec
4480 3606 4652 3654 autem

945 3683 1005 3739 in
1042 3685 1236 3755 psalm.
1270 3684 1355 3746 39,
1388 3686 1414 3737 1
1450 3681 1612 3751 epist.
1651 3682 1766 3748 188,
1805 3684 1839 3735 5
1874 3683 1942 3737 de
1976 3682 2127 3738 civit.
2162 3682 2253 3737 dei
2291 3683 2371 3746 14,
2409 3683 2439 3735 7
2476 3684 2668 3737 contra
2702 3682 2887 3737 Faust.
2929 3684 3007 3747 15,
3036 3682 3070 3737 3
3104 3698 3263 3736 serm.
3297 3681 3442 3737 ined.
3478 3681 3649 3752 Mign.
3687 3684 3746 3736 B.
3768 3684 3838 3738 46
3874 3684 3927 3738 S.
3956 3683 4059 3737 938
4092 3692 4146 3739 et
4174 3686 4335 3739 timeo
4366 3683 4425 3738 in
4459 3684 4640 3753 psalm.

948 3770 1032 3835 90,
1069 3771 1118 3835 2,
1154 3770 1187 3824 9
1225 3786 1383 3824 serm.
1418 3769 1536 3834 299,
1575 3768 1639 3821 12
1689 3768 1803 3822 und
1840 3768 1956 3834 341,
1993 3770 2024 3822 5
2082 3771 2242 3824 timeo
2290 3768 2349 3822 in
2398 3768 2511 3823 Ioh.
2564 3785 2756 3839 evang.
2792 3769 2843 3832 8,
2879 3769 2915 3822 4
2959 3768 3074 3822 und
3112 3768 3193 3834 13,
3233 3768 3295 3821 12
3342 3770 3535 3822 contra
3580 3768 3764 3823 Faust.
3803 3769 3885 3836 15,
3924 3770 3958 3825 9
4006 3770 4121 3824 und
4162 3770 4249 3837 21,
4285 3771 4318 3823 9
4365 3776 4531 3824 metuo
4575 3769 4642 3822 de

947 3856 1140 3912 Genes.
1178 3858 1372 3911 contra,
1406 3854 1640 3909 Manich.
1677 3854 1727 3918 2,
1761 3855 1846 3908 39.
1890 3884 1956 3894 --
2004 3855 2053 3909 4.
2095 3855 2281 3909 Euam
2308 3855 2521 3924 fefellit
2570 3856 2762 3909 contra
2800 3854 2984 3907 Faust.
3024 3855 3106 3918 15,
3141 3854 3174 3907 3
3225 3853 3341 3908 und
3381 3854 3414 3906 9
3462 3855 3649 3909 Euam
3695 3855 3918 3911 seduxit
3960 3857 4029 3910 de
4082 3855 4308 3910 doctrin.
4356 3853 4639 3911 Christian.

944 3942 994 4006 3,
1025 3942 1093 3995 36
1129 3941 1198 3995 de
1238 3940 1430 3995 Genes.
1466 3942 1660 3996 contra
1687 3940 1924 3995 Manich.
1961 3942 2009 4007 2,
2045 3942 2113 3995 39
2147 3941 2206 3995 in
2244 3941 2436 4011 psalm.
2471 3942 2555 4005 39,
2597 3941 2623 3994 1
2663 3941 2777 3995 und
2813 3940 2895 4005 90,
2931 3940 2982 4005 2,
3021 3939 3147 3993 9·in
3183 3938 3297 3994 [oh.
3337 3956 3532 4010 evang.
3569 3939 3618 4005 8,
3651 3941 3688 3994 4
3716 3940 3875 4011 epist.
3918 3941 4031 4007 188,
4069 3942 4101 3995 5
4137 3958 4289 3996 serm.
4323 3941 4437 4005 299,
4475 3941 4542 3995 12
4576 3942 4646 3995 de

946 4027 1096 4083 civit.
1141 4026 1231 4082 dei
1270 4027 1349 4091 14,
1387 4027 1417 4079 7
1470 4030 1665 4080 contra
1698 4027 1883 4082 Faust.
1923 4027 2005 4091 21,
2041 4028 2073 4081 9
2118 4043 2278 4081 serm.
2328 4027 2473 4082 ined.
2512 4027 2681 4097 Mign.
2718 4028 2778 4081 B.
2814 4027 2882 4081 46
2934 4027 2986 4081 S.
3021 4026 3123 4080 938
3168 4025 3392 4081 seduxit
3436 4027 3625 4081 Euam
3670 4025 3729 4081 in
3774 4027 3890 4081 Ioh.
3939 4044 4133 4099 evang.
4192 4028 4271 4093 13,
4314 4027 4379 4082 12
4426 4028 4486 4082 E
4495 4044 4653 4083 uam

943 4116 1157 4169 astutia
1191 4130 1296 4168 sua
1334 4130 1556 4184 serpens
1593 4113 1710 4168 dec
1726 4115 1874 4182 epit
1910 4130 2066 4168 serm.
2104 4113 2221 4178 341,
2260 4114 2316 4178 5;
2373 4112 2626 4168 letzteres
2668 4113 2771 4167 frei
2807 4112 2988 4178 citirt,
3034 4112 3145 4183 vgl.
3195 4111 3284 4167 die
3329 4111 3767 4182 nachfolgenden
3809 4112 4120 4169 Varisnten
4166 4113 4339 4169 dieser
4371 4113 4559 4169 Stelle.
4593 4143 4659 4154 -—

946 4203 994 4254 5.
1030 4202 1282 4255 uersutia
1318 4217 1424 4255 cua
1458 4216 1616 4255 serm.
1652 4199 1796 4254 ined.
1834 4199 2003 4270 Mign.
2040 4200 2100 4253 B.
2125 4199 2193 4253 46
2230 4198 2281 4253 S.
2315 4198 2419 4253 938
2453 4201 2514 4254 in
2546 4201 2796 4254 uersutia
2831 4215 2936 4254 sua
2964 4200 3158 4254 contra
3185 4199 3370 4253 Faust.
3402 4199 3482 4263 15,
3524 4198 3556 4252 9
3592 4198 3704 4253 und
3746 4198 3829 4263 21,
3864 4199 3898 4252 9
3932 4200 4101 4269 epist„
4132 4200 4248 4266 188,
4289 4202 4321 4254 5
4358 4202 4420 4255 in
4454 4201 4665 4256 astutia

943 4304 1048 4343 sua
1086 4286 1154 4340 de
1190 4285 1420 4341 doctrin.
1458 4284 1750 4341 Christian.
1787 4286 1836 4351 3,
1871 4286 1942 4339 36
1991 4288 2200 4341 astutia
2245 4300 2350 4339 sua
2397 4285 2465 4338 de
2505 4283 2698 4339 Genes.
2745 4286 2937 4339 contra
2975 4285 3209 4340 Manich.
3247 4284 3297 4349 2,
3334 4285 3402 4338 39
3455 4284 3514 4338 in
3549 4283 3739 4355 psalm.
3793 4284 3877 4349 39,
3917 4285 3943 4338 1
3998 4287 4112 4340 und
4148 4287 4232 4351 90,
4267 4287 4315 4350 2,
4354 4286 4389 4340 9
4439 4286 4501 4339 in
4548 4286 4662 4341 Ioh.

943 4389 1138 4443 evang.
1174 4374 1222 4437 8,
1254 4373 1321 4431 14
1356 4372 1469 4427 und
1506 4373 1587 4439 13,
1629 4373 1690 4426 12
1725 4373 1795 4428 de
1831 4372 1979 4427 civit.
2016 4370 2105 4426 dei
2140 4372 2220 4435 14,
2257 4371 2287 4422 7
2323 4373 2514 4425 contra
2547 4370 2733 4425 Faust.
2771 4372 2852 4435 15,
2876 4371 2909 4424 3
2943 4388 3100 4425 serm.
3137 4371 3255 4435 299,
3283 4371 3346 4424 12
3381 4371 3497 4425 und
3533 4370 3650 4435 341,
3672 4372 3721 4425 5.
3761 4401 3827 4410 -
3863 4372 3911 4426 5.
3944 4373 4027 4426 ita
4061 4374 4253 4426 contra
4285 4371 4473 4427 Faust.
4519 4373 4598 4437 15,
4623 4372 4656 4425 9

944 4460 1058 4514 und
1095 4460 1178 4524 21,
1218 4459 1251 4512 9
1307 4462 1389 4515 ita
1424 4466 1477 4514 et
1519 4458 1578 4512 in
1614 4458 1805 4529 psalm.
1842 4459 1925 4523 90,
1966 4459 2015 4523 2,
2051 4458 2084 4510 9
2149 4462 2229 4512 sic
2263 4464 2315 4512 et
2350 4458 2417 4511 de
2452 4457 2648 4512 Genes.
2681 4459 2874 4511 contra
2911 4457 3147 4512 Manich.
3181 4457 3230 4521 2,
3266 4457 3335 4510 39
3383 4455 3444 4510 in
3477 4457 3672 4526 psalm.
3706 4456 3790 4521 39,
3828 4458 3854 4510 1
3911 4456 3970 4511 in
4005 4457 4115 4512 loh.
4152 4475 4346 4529 evang.
4384 4458 4434 4523 8,
4472 4459 4508 4512 4
4551 4458 4664 4512 und

947 4547 1028 4612 13,
1071 4547 1137 4600 12
1175 4545 1336 4615 epist.
1375 4545 1492 4611 188,
1531 4547 1562 4599 5
1602 4546 1667 4599 de
1704 4544 1853 4599 civit.
1892 4544 1983 4599 dei
2022 4544 2101 4607 14,
2140 4545 2170 4597 7
2206 4546 2399 4598 contra
2434 4543 2620 4598 Faust.
2655 4544 2803 4607 15,-3
2851 4560 3009 4598 serm.
3046 4544 3165 4609 299,
3204 4543 3270 4596 12
3316 4559 3475 4598 serm.
3509 4541 3652 4597 ined.
3687 4542 3859 4613 Mign.
3895 4542 3955 4596 B.
3992 4544 4061 4597 46
4096 4543 4147 4597 S.
4184 4543 4288 4598 938
4335 4546 4416 4600 sic
4454 4560 4667 4614 quoque

940 4650 1101 4688 serm.
1135 4632 1253 4697 341,
1289 4634 1338 4686 5.
1373 4659 1439 4670 -
1471 4632 1521 4686 6.
1556 4637 1982 4701 corrumpantur
2015 4636 2213 4686 mentes
2247 4636 2463 4685 uestrae
2498 4631 2691 4684 contra
2715 4629 2900 4683 Faust.
2929 4630 3009 4693 15,
3038 4629 3069 4682 9
3105 4630 3217 4683 und
3253 4630 3337 4694 21,
3365 4630 3397 4682 9
3433 4636 3650 4684 uestrae
3682 4635 3882 4684 mentes
3913 4636 4339 4700 corrumpantur
4373 4630 4433 4683 in
4468 4630 4664 4700 psalm.

938 4720 1024 4784 39,
1063 4721 1090 4774 1
1130 4719 1245 4773 und
1278 4718 1362 4784 90,
1403 4718 1452 4783 2,
1490 4718 1522 4772 9
1558 4718 1618 4773 in
1648 4718 1765 4773 Ioh.
1799 4735 1994 4788 evang.
2031 4716 2082 4781 8,
2116 4717 2151 4770 4
2187 4715 2344 4786 epist.
2386 4715 2501 4779 188,
2536 4717 2568 4769 5
2605 4715 2674 4770 de
2708 4715 2858 4771 civit.
2894 4715 2984 4770 dei
3023 4715 3101 4779 14,
3139 4715 3169 4767 7
3206 4717 3400 4771 contra.
3435 4714 3621 4771 Faust.
3665 4716 3745 4780 15,
3780 4716 3815 4769 3
3850 4731 4010 4770 serm.
4051 4715 4170 4780 299,
4219 4716 4285 4771 12
4321 4733 4480 4772 serm.
4518 4716 4662 4774 ined.

940 4806 1113 4877 Mign.
1149 4805 1210 4859 B.
1238 4805 1314 4858 46
1354 4804 1406 4859 S.
1444 4805 1545 4859 938
1580 4821 1770 4861 sensus
1803 4805 1976 4860 uestri
2009 4809 2433 4873 corrumpantur
2466 4802 2535 4865 de
2572 4801 2764 4857 Genes.
2807 4803 3002 4859 contra.
3036 4801 3270 4857 Manich.
3306 4802 3355 4867 2,
3393 4803 3461 4857 39
3505 4804 3680 4861 uestri
3712 4819 3901 4859 sensus
3935 4810 4361 4872 corrumpantur
4396 4810 4448 4858 et
4483 4804 4662 4863 exci-

940 4892 1118 4947 dant
1150 4907 1309 4946 serm.
1346 4890 1464 4953 341,
1500 4892 1558 4957 53
1607 4890 1725 4945 hier
1774 4889 1921 4961 folgt
1955 4889 2045 4943 die
2083 4889 2434 4958 Bemerkung
2465 4904 2655 4945 cerasus
2690 4886 2752 4941 id
2799 4895 2879 4943 est
2930 4895 3188 4944 mentes
3221 4895 3462 4944 uestra
3481 4905 3538 4955 e;
3600 4905 3729 4943 nam
3762 4892 3865 4944 hoc
3900 4891 4076 4959 παρίει
4122 4891 4415 4959 proprium
4451 4897 4547 4945 eet.
4594 4919 4662 4929 —-

939 4979 987 5031 7.
1038 4995 1075 5033 a
1108 4978 1461 5047 simplicitate
1508 4984 1561 5032 et
1606 4977 1860 5035 castitate
1905 4977 2100 5031 contra.
2146 4976 2325 5031 Faust.
2371 4976 2452 5038 15,
2490 4975 2522 5027 9
2575 4973 2690 5031 und
2724 4973 2807 5039 21,
2843 4973 2876 5026 9
2923 4973 2982 5028 in
3035 4973 3150 5028 Ioh.
3200 4991 3395 5046 evang.
3441 4975 3489 5039 8,
3524 4976 3560 5029 4
3634 4991 3671 5029 a
3716 4977 3971 5031 castitate
4022 4974 4082 5028 in
4114 4975 4306 5045 psalm.
4341 4976 4426 5040 39,
4468 4978 4496 5030 1
4541 4976 4658 5030 und

941 5064 1023 5128 90,
1059 5064 1109 5128 2,
1144 5065 1177 5118 9
1222 5063 1280 5117 in
1317 5062 1433 5118 Ioh.
1469 5080 1665 5134 evang.
1706 5064 1785 5127 13,
1825 5062 1888 5116 12
1938 5060 2094 5132 epist.
2132 5060 2247 5126 188,
2283 5061 2314 5117 5
2364 5061 2431 5115 de
2481 5059 2633 5114 civit.
2676 5058 2765 5114 dei
2803 5060 2881 5123 14,
2924 5059 2956 5113 7
3007 5062 3199 5116 contra
3238 5062 3420 5117 Faust.
3461 5063 3542 5126 15,
3577 5062 3611 5116 3
3663 5077 3822 5117 serm.
3855 5061 3974 5125 299,
4015 5061 4079 5114 12
4116 5061 4232 5115 und
4265 5061 4384 5125 341,
4425 5062 4457 5116 5
4500 5077 4659 5117 serm.

940 5150 1083 5206 ined.
1114 5148 1284 5220 Migo.
1334 5150 1396 5205 Β.
1424 5150 1493 5204 46
1528 5150 1582 5203 S.
1621 5149 1739 5204 938.
1776 5178 1841 5188 —
1896 5149 1944 5203 9.
1982 5151 2044 5205 in
2080 5148 2297 5207 Christo
2333 5147 2460 5209 Iesu
2495 5145 2554 5203 in
2592 5145 2787 5217 psalm.
2823 5146 2908 5211 39,
2951 5148 2976 5201 1
3025 5162 3186 5203 serm.
3220 5148 3338 5213 341,
3377 5149 3410 5202 5
3457 5149 3517 5203 in
3559 5146 3778 5203 Christo
3828 5146 3887 5200 in
3927 5147 4120 5216 psalm.
4156 5148 4240 5211 90,
4276 5147 4325 5212 2,
4375 5148 4408 5201 9
4454 5147 4512 5201 in
4547 5148 4664 5203 Ioh.

939 5254 1137 5307 evang.
1177 5236 1227 5300 8,
1261 5237 1296 5289 4
1342 5236 1457 5290 und
1494 5238 1575 5301 13,
1613 5236 1676 5291 12
1724 5236 1883 5306 epist.
1921 5234 2036 5300 188,
2071 5236 2102 5289 5
2150 5235 2220 5289 de
2268 5233 2420 5288 civit.
2471 5232 2561 5287 dei
2600 5233 2679 5297 14,
2718 5232 2748 5283 7
2797 5233 2992 5287 contra
3039 5232 3224 5288 Faust.
3263 5235 3343 5299 15,
3380 5234 3413 5288 3
3460 5235 3572 5289 und
3610 5234 3643 5287 9
3684 5233 3799 5288 und
3847 5232 3932 5301 21,
3967 5232 3999 5286 9
4041 5250 4201 5289 serm.
4237 5234 4354 5299 299,
4394 5233 4459 5289 12
4504 5251 4667 5291 serm.

936 5324 1082 5379 ined.
1118 5322 1291 5393 Mign.
1328 5322 1389 5377 B.
1426 5323 1495 5377 46
1535 5323 1586 5377 S.
1621 5322 1739 5377 938.

803 5414 872 5468 l)
946 5411 990 5466 1.
1027 5409 1296 5481 despondi
1330 5409 1399 5465 fu
1435 5425 1531 5479 vg.
1604 5410 1682 5464 10.
1720 5410 1809 5466 his
1841 5407 1924 5463 fn.
2012 5409 2090 5463 12.
2128 5423 2283 5481 quem
2316 5423 2415 5465 nos
2446 5422 2558 5465 non
2587 5402 3036 5475 praedicauimus
3067 5404 3151 5461 fu.
3225 5406 3304 5460 13.
3342 5407 3515 5463 alium
3533 5406 3794 5470 christum
3830 5403 3912 5469 tu.
3988 5404 4067 5459 14.
4103 5406 4395 5476 accepistis
4413 5404 4483 5461 fu
4517 5408 4668 5469 acci-

928 5499 1071 5569 pitis
1099 5512 1195 5567 vg.
1271 5498 1349 5550 15.
1390 5497 1560 5551 alium
1596 5512 1786 5567 euany.
1828 5493 1909 5549 fn.

2474 5595 2509 5648 2
2544 5593 2663 5650 Cor.
2705 5594 2785 5659 11,
2828 5593 2983 5650 2-4,
