5117 6800
1117 1105 1211 1175 A

724 1262 964 1321 τρομου
1014 1239 1344 1312 εδεξασθε
1399 1261 1602 1302 αυτον

735 1348 1002 1428 ωχικιροι»
1069 1368 1167 1409 οτι
1239 1368 1312 1408 εν
1402 1366 1606 1408 navve

726 1458 961 1532 θαρρω
1004 1475 1077 1515 εν
1118 1474 1271 1533 υμιι·

726 1558 880 1623 VIII.
906 1560 927 1596 ¹
943 1562 1326 1640 γνωριζομεν
1353 1557 1430 1619 δε
1456 1578 1608 1638 υμιν

678 1666 1007 1749 5αδελφοι
1059 1687 1179 1748 την
1240 1686 1427 1745 χαριι·
1490 1683 1608 1725 του

728 1778 827 1836 θυ
897 1795 1017 1855 την
1089 1771 1450 1853 δεδομειην
1535 1789 1608 1830 εν

729 1899 880 1941 vaco
928 1877 1291 1959 εκκλησιαισ
1320 1897 1443 1960 τησ
1485 1897 1606 1956 μα·

730 1985 1035 2048 κεδονι-ασ
1098 1985 1237 2044 ΞΒοτι
1287 2004 1357 2044 εν
1400 1981 1603 2063 πολλῃ

731 2090 962 2174 doxam]
1016 2088 1324 2177 θλιψεωσ
1388 2110 1427 2170 η
1493 2108 1610 2148 πε-

645 2208 715 2264 10
731 2219 982 2279 ρισσεια
996 2217 1117 2278 τησ
1145 2216 1356 2277 χαρασ
1388 2214 1607 2256 anton·

730 2327 837 2368 xm
867 2326 907 2385 η
940 2324 1111 2365 κατα
1140 2304 1406 2382 βαθουσ
1435 2321 1607 2361 πτω-

728 2433 875 2491 χεια
904 2430 1120 2472 αυτωι·
1145 2425 1608 2488 επερισσευσεν

733 2532 835 2581 sto·
858 2538 934 2577 το
959 2514 1247 2577 πλουτοσ
1268 2533 1389 2594 vno
1405 2510 1608 2574 απλο-

729 2644 930 2705 τητοσ
976 2642 1192 2684 αυτων
1259 2620 1399 2681 8οτι
1439 2639 1608 2679 κατα

648 2750 714 2805 15
733 2730 1013 2807 δι’ναμιν
1097 2745 1401 2806 μαρτυρω
1500 2745 1608 2786 xm

731 2858 919 2919 παρα
958 2834 1239 2912 dvi-apti*
1296 2834 1606 2909 αυθαιρε-

728 2965 829 3005 τοι
867 2943 1081 3021 *μετα
1112 2937 1359 3019 πολλησ
1396 2957 1605 3016 παρα-

726 3048 1016 3132 κλησεωσ
1079 3046 1369 3126 δεομενοι
1424 3063 1607 3124 ημων

726 3177 847 3239 την
898 3175 1085 3234 χαριν
1146 3173 1255 3213 και
1308 3171 1428 3232 την
1482 3170 1605 3209 κοι-

639 3283 711 3339 20
731 3282 967 3324 νωνιαν
1058 3279 1179 3339 vrso
1271 3257 1604 3319 διακονιασ

727 3389 851 3451 τησ
950 3385 1047 3429 εισ
1128 3384 1288 3427 ‘cova
1381 3382 1603 3443 αγιουσ

731 3476 878 3537 ‘xm
921 3495 996 3535 ov
1048 3475 1283 3534 καθωσ
1335 3469 1605 3552 ‘qimam-

727 3602 852 3661 μεν
895 3577 1018 3641 αλλ
1045 3595 1324 3638 εαυτουσ
1353 3574 1606 3637 εδωκαν

729 3706 991 3765 nomm»
1028 3705 1119 3743 τω
1161 3702 1250 3742 κω
1306 3702 1413 3742 και
1454 3701 1606 3761 ημιν

640 3823 710 3880 25
728 3791 840 3854 δια
880 3787 1265 3870 θεληματοσ
1306 3790 1399 3848 &v

730 3900 759 3937 ⁶
778 3917 876 3959 εισ
982 3917 1058 3956 το
1153 3891 1605 3972 παρακαλεσαι

724 4022 906 4086 ημασ
960 4022 1137 4064 τιτον
1201 4020 1309 4062 ινα
1367 4002 1603 4062 καθωσ

618 4178 627 4187 ,
724 4111 1039 4191 ενηρξατο
1071 4126 1279 4169 ουτωσ
1313 4126 1421 4167 και
1464 4125 1603 4168 επι-

721 4213 956 4295 velcon
993 4226 1096 4276 εισ
1123 4226 1306 4293 υμασ
1333 4233 1441 4273 xm
1482 4233 1602 4294 την

635 4332 705 4387 30
721 4343 911 4401 χαριν
930 4340 1177 4401 ταυτην
1202 4316 1350 4380 ’ἵαλλ
1374 4333 1601 4398 ωσπερ

722 4450 796 4489 εν
880 4447 1084 4488 navve
1173 4439 1599 4504 περισσευετε

719 4549 942 4597 mom
970 4552 1078 4593 xm
1109 4529 1271 4610 λογω
1304 4551 1411 4592 και
1439 4551 1598 4609 γνω-

719 4654 823 4704 σει
850 4662 959 4701 xm
981 4653 1168 4720 παση
1193 4636 1455 4717 σπουδη
1490 4657 1597 4697 και

2600 920 2739 989 100

1734 1244 2011 1306 tremore
2050 1239 2377 1325 excepistis
2416 1238 2614 1304 illum.

1746 1349 1800 1387 ¹⁶
1815 1347 2081 1413 Gaudeo
2133 1346 2309 1430 quod
2365 1346 2431 1411 in
2474 1364 2617 1410 om·

1740 1454 1927 1519 nibus
1966 1453 2221 1518 confido
2280 1453 2360 1517 de
2413 1451 2614 1516 uobis,

1736 1560 1888 1624 VIII.
1914 1561 1936 1598 ¹
1957 1560 2192 1625 Notam
2227 1562 2447 1623 autem
2466 1556 2618 1623 faci-

1737 1686 1880 1731 mus
1921 1666 2128 1744 uobiS‚
2172 1665 2426 1742 fratres,
2471 1681 2618 1744 gra·

1737 1772 1897 1836 tiam
1942 1772 2044 1836 dei
2087 1791 2254 1854 quae
2308 1771 2465 1836 data
2520 1771 2618 1833 aet

1739 1879 1805 1942 in
1848 1877 2120 1943 ecclesiis
2139 1877 2616 1955 Machedoniae,

1744 1965 1937 2067 ²§quia
1973 1987 2039 2049 in
2081 1984 2350 2049 multam
2380 1982 2617 2066 proba-

1739 2091 1977 2156 tionem
2020 2092 2056 2131 *
2071 2091 2105 2129 *
2124 2089 2157 2126 '⁸‘

1739 2827 1773 2865 *
1789 2826 1823 2864 *
1840 2826 1875 2864 *
1898 2827 1962 2888 et
2022 2844 2216 2908 supra
2277 2825 2443 2889 uires
2497 2845 2613 2889 uo-

1737 2933 1991 2997 luntarii
2075 2932 2331 2996 fuerunt
2427 2933 2613 2994 4cum

1735 3038 1947 3105 multis
2027 3038 2362 3121 praecibus
2433 3038 2613 3102 obse-

1736 3149 1993 3211 crantes
2044 3163 2161 3208 nos
2212 3143 2481 3225 gratiam
2547 3127 2614 3207 et

1733 3251 2250 3318 communionem
2292 3249 2613 3314 ministra·

1734 3359 1923 3424 tionis
1950 3377 2118 3442 quae
2148 3357 2220 3423 fit
2243 3359 2309 3422 in
2339 3359 2610 3435 sanctos

1740 3468 1845 3532 ⁶et
1884 3486 2017 3530 non
2042 3466 2365 3547 quomodo
2393 3484 2612 3546 spera-

1737 3574 1949 3638 uimus
1966 3620 1982 3649 ‚
2024 3571 2139 3636 sed
2177 3591 2246 3636 se
2268 3570 2435 3654 ipsos
2477 3574 2611 3635 tra-

1736 3680 2033 3744 diderunt
2071 3679 2350 3761 primum
2384 3677 2507 3741 deo
2547 3679 2613 3740 et

1739 3785 1923 3849 nobis
1961 3804 2073 3866 per
2094 3783 2495 3848 uoluntatem
2510 3781 2612 3846 dei
2635 3824 2646 3836 -

1740 3891 1872 3955 ⁶ad
1935 3890 2450 3972 depraecandum
2504 3888 2613 3953 Ti-

1737 3999 1896 4075 tum,
1939 3999 2014 4061 ut
2050 3995 2376 4078 quomodo
2403 3997 2612 4077 caepit

1733 4104 1821 4167 sic
1860 4105 1926 4167 et
1963 4105 2362 4167 consummet
2386 4103 2450 4165 in
2493 4120 2610 4166 uos

1733 4209 1925 4273 etiam
2034 4210 2304 4290 gratiam
2401 4208 2608 4287 istam,

1737 4315 1891 4381 “sed
1982 4315 2306 4397 quomodo
2360 4335 2612 4399 semper

1730 4422 2074 4487 abundatis
2151 4421 2217 4486 in
2310 4423 2609 4487 omnibus

1729 4529 1857 4593 fide
1910 4532 1975 4593 et
2036 4528 2237 4593 uerbo
2288 4532 2354 4593 et
2405 4529 2607 4593 scien-

1728 4635 1823 4699 tia
1873 4639 1936 4699 et
2004 4635 2180 4699 omni
2253 4634 2462 4699 studio
2540 4637 2605 4698 et

720 4905 787 4959 A
857 4902 941 4956 26.
977 4921 1102 4955 wore
1139 4900 1392 4968 noeQoeaeoel.
1427 4897 1486 4953 in
1519 4900 1552 4952 3
1589 4898 1828 4953 Minusk.

718 4991 788 5046 ΙΙ
860 4987 908 5043 8.
945 4989 1004 5042 in
1039 4988 1218 5042 multa
1248 4986 1580 5056 probatione
1614 4987 1713 5054 dg
1739 4984 2100 5040 Ambrosiast.
2171 4985 2252 5039 10.
2280 5002 2467 5040 eorum
2490 4986 2605 5040 11-
2613 4988 2910 5058 profunda
2935 4987 2972 5042 d
2995 4987 3325 5056 gAmbros„
3362 4988 3740 5055 Ambrosiast„
3778 4989 3964 5044 Sedul.
4045 4991 4125 5046 12.
4147 4993 4206 5046 in
4230 4988 4451 5044 diuitiis
4473 4987 4609 5043 ibid.

861 5073 941 5129 14.
981 5089 1088 5143 pro
1125 5071 1342 5127 uiribus
1375 5086 1420 5140 g
1442 5071 1801 5127 Ambrosiast.
1879 5073 1960 5126 15.
1996 5072 2113 5126 illie
2128 5070 2276 5125 fehlt
2300 5071 2475 5140 dg—
2497 5088 2676 5142 supra
2695 5075 2847 5129 uires
2865 5072 3228 5128 Ambrosiast.
3261 5090 3370 5143 pro
3408 5081 3432 5129 t
3463 5075 3616 5129 ultra
3649 5076 3801 5130 uires
3836 5083 3857 5129 t
3884 5077 3987 5132 bus
4016 5091 4077 5145 g.
4153 5077 4236 5132 17.
4274 5091 4397 5130 cum
4420 5076 4610 5130 multis

852 5160 1108 5230 precibus
1146 5158 1522 5221 Ambrosiast..
1558 5158 1743 5214 Sedul.
1787 5170 1909 5215 cum
1942 5158 2122 5212 multa
2153 5174 2353 5228 praece
2387 5158 2439 5213 d.
2516 5157 2599 5212 18.
2637 5160 2984 5215 obser-nantes
3019 5158 3109 5213 die
3141 5159 3500 5214 Handechrist
3532 5176 3633 5215 aus
3667 5159 3840 5216 leicht
3873 5161 4281 5232 begreifliohem
4298 5160 4604 5225 Versehem

855 5245 968 5317 vgl.
1007 5245 1126 5299 cod.
1164 5244 1432 5299 Amiatin.
1466 5263 1536 5299 zu
1572 5246 1606 5299 2
1633 5244 1754 5301 Cor.
1776 5245 1827 5310 9,
1856 5245 1937 5299 14.
2005 5244 2090 5299 20.
2127 5246 2553 5299 communionem
2595 5244 2958 5300 Ambrosiast.
3022 5245 3107 5299 24.
3144 5245 3922 5302 deoAmbrosiast—dodnde
3956 5255 4012 5305 et
4037 5250 4197 5305 nobis
4228 5263 4289 5317 g.
4360 5246 4445 5302 28.
4480 5262 4607 5302 con·

857 5338 1091 5388 summat
1125 5330 1484 5387 Ambrosiast.
1529 5363 1595 5371 —
1647 5335 1709 5388 in
1756 5348 1861 5387 uos
1894 5331 2029 5386 ibid.
2064 5331 2117 5385 d.
2199 5331 2284 5385 30.
2334 5346 2546 5400 semper
2589 5333 2653 5387 in
2704 5332 2954 5387 omnibus
2988 5331 3041 5387 «1.
3131 5331 3216 5385 32.
3253 5333 3421 5387 uerbo
3455 5347 3516 5401 g.

714 5421 774 5478 (2
853 5419 882 5449 ⁸
919 5417 987 5473 de
1025 5432 1173 5486 oper.
1210 5417 1461 5472 monach.
1501 5418 1581 5473 17.
1619 5448 1684 5458 -
1720 5419 1806 5472 30.
1843 5417 1960 5472 eod.
1997 5415 2416 5471 vindocinensis
2450 5416 2552 5470 hat
2589 5416 2710 5472 hier
2742 5416 3227 5488 superabundati-⁹.

713 5507 784 5561 ΙΙ
856 5505 905 5558 9.
944 5501 1090 5557 naoh
1128 5503 1504 5560 tribulationis
1540 5504 1664 5560 eine
1701 5507 1920 5575 spatere
1939 5503 2106 5558 Hand
2145 5518 2330 5557 eorum
2365 5500 2449 5555 fn.
2524 5502 2607 5557 10.
2641 5505 2892 5573 ipsorum
2919 5504 3044 5571 fuit
3076 5517 3175 5571 vg.
3245 5502 3329 5558 27.
3365 5511 3429 5559 ut
3462 5520 3570 5558 von
3605 5505 3854 5574 spaterer
3877 5504 4046 5559 Hand
4081 5520 4184 5558 aus
4213 5510 4268 5559 et
4299 5503 4497 5576 corrig.
4526 5503 4607 5559 fu.

849 5589 935 5645 28.
968 5589 1031 5643 in
1063 5603 1166 5643 nos
1201 5586 1285 5641 fu.

2819 1554 2854 1593 *
2894 1552 2955 1618 N
2955 1555 3132 1617 otam
3173 1556 3389 1618 autem
3431 1553 3615 1618 uobis

2736 1660 3023 1737 facimus
3057 1660 3300 1737 frah-es,
3342 1659 3613 1742 gratiam

2736 1766 2840 1830 dei
2919 1783 3088 1848 quae
3163 1765 3317 1830 data
3390 1768 3485 1829 est
3547 1764 3615 1828 in

2735 1872 3004 1937 ecclesiis
3014 1870 3444 1948 Macedoniae,
3463 1871 3616 1954 quia

2734 1979 2801 2041 in
2844 1978 3049 2042 multa
3089 1977 3463 2060 probatione
3504 1977 3614 2041 tri-

2734 2084 3075 2149 bulationis
3213 2083 3614 2149 abundantia

2734 2191 2950 2272 gaudii
3027 2210 3252 2255 eorum
3328 2193 3393 2254 et
3466 2207 3613 2272 pro-

2739 2297 2939 2362 funda
2994 2301 3335 2380 paupertas
3389 2314 3613 2360 eorum

2735 2393 3094 2467 abundauit
3120 2406 3188 2468 in
3212 2402 3442 2467 diuitiis
3462 2402 3613 2466 sim-

2733 2510 3026 2593 plicitatis
3111 2529 3364 2586 eorum,
3462 2509 3614 2591 quia

2731 2617 3083 2682 secundum
3127 2617 3294 2680 uires
3329 2614 3611 2680 testimo·

2731 2724 2910 2787 nium
2954 2723 3260 2806 perhibeo
3312 2724 3378 2785 et
3417 2740 3614 2803 supra

2732 2830 2899 2893 uires
2961 2830 3302 2894 uoluntarii
3355 2829 3612 2893 fuerunt

2733 2955 2880 3001 cum
2925 2937 3139 3000 multis
3176 2936 3468 3018 precibus
3495 2936 3611 2999 ob-

2734 3047 3052 3107 secrantes
3137 3062 3254 3106 nos
3336 3043 3611 3124 gratiam

2734 3152 2799 3213 et
2857 3150 3370 3214 communionem
3425 3148 3612 3212 mini-

2732 3255 3054 3319 strationis
3139 3274 3307 3339 quae
3388 3256 3464 3320 fit
3543 3254 3611 3318 in

2734 3364 3005 3440 sanctoS‚

2735 3472 2798 3532 et
2837 3488 2971 3532 non
3030 3468 3354 3551 quomodo
3394 3488 3611 3552 spera-

2735 3575 2962 3652 nimus,
3007 3574 3120 3639 sed
3160 3594 3229 3639 se
3271 3573 3437 3657 ipsos
3478 3577 3612 3639 tra-

2734 3680 3033 3746 diderunt
3051 3680 3330 3763 primum
3350 3680 3611 3746 domino

2738 3791 2802 3852 et
2839 3787 3023 3850 nobis
3057 3806 3171 3868 per
3211 3786 3612 3853 uoluntatem

2734 3893 2837 3957 dei
2934 3891 3018 3956 ad
3138 3892 3612 3974 deprecandum

2732 3998 2973 4076 Titum,
3010 4001 3085 4062 ut
3105 3998 3430 4081 quomodo
3466 4019 3611 4065 coe-

2732 4107 2825 4189 pit
2863 4106 2951 4171 sic
2984 4107 3048 4169 et
3103 4111 3502 4171 consummet
3542 4107 3610 4171 in

2731 4232 2848 4277 uos
2866 4212 3059 4277 etiam
3088 4212 3362 4292 gratiam
3401 4214 3608 4291 istam,

2730 4318 2844 4382 sed
2936 4319 3261 4400 quomodo
3361 4338 3611 4402 semper

2730 4423 3073 4489 abundatis
3163 4425 3232 4489 in
3313 4425 3610 4490 omnibus

2727 4529 2856 4594 fide
2896 4533 2961 4595 et
3000 4531 3202 4595 uerbo
3241 4536 3306 4596 et
3346 4532 3610 4597 scientia

2729 4639 2794 4700 et
2871 4638 3045 4701 omni
3120 4638 3331 4703 studio
3404 4642 3468 4703 et
3529 4659 3608 4703 ea

2244 5691 2277 5745 2
2318 5690 2438 5746 Cor.
2476 5692 2524 5755 7,
2564 5691 2784 5747 15—16.
2823 5691 2872 5755 8,
2911 5692 3061 5746 1-7,

3740 1240 4018 1302 tremore
4069 1234 4398 1317 excepistis
4447 1252 4615 1298 eum.

3749 1343 4081 1409 ¹⁶Gaudeo
4133 1339 4310 1423 quod
4369 1340 4435 1403 in
4479 1358 4618 1404 om-

3738 1449 3927 1514 nibus
3981 1447 4237 1513 confido
4295 1446 4362 1510 in
4415 1446 4615 1511 uobis.

3737 1555 3889 1619 VIII.
3913 1555 3935 1593 ¹
3948 1554 4184 1620 Notam
4213 1556 4434 1617 autem
4466 1552 4617 1617 saci·-

3737 1680 3883 1725 mus
3923 1661 4107 1730 uobis
4121 1708 4139 1738 ‚
4183 1660 4427 1737 fratreS,
4467 1677 4616 1739 gra-

3735 1766 3894 1831 tiam
3933 1766 4035 1830 dei
4084 1784 4253 1849 quae
4310 1765 4466 1829 data
4521 1768 4618 1830 est

3736 1873 3804 1936 in
3845 1872 4114 1937 eeclesiis
4138 1870 4615 1950 Machedoniae‚

3741 1979 3767 2017 ²
3783 1978 3958 2062 quod
4015 1979 4081 2043 in
4122 1977 4323 2041 multo
4373 1976 4615 2059 experi-

3738 2087 3958 2149 mento
4023 2083 4443 2148 tribulationis
4499 2082 4616 2147 ab-

3736 2190 4050 2256 undantia
4091 2189 4305 2272 gaudii
4327 2189 4612 2271 ipsorum

3734 2300 3799 2361 et
3880 2296 4181 2361 altissima
4271 2297 4613 2378 paupertas

3735 2422 3959 2469 eorum
4007 2402 4365 2468 abundauit
4407 2403 4474 2464 in
4517 2399 4613 2464 di-

3733 2509 3921 2574 uitias
3940 2508 4351 2590 simplicitatis
4370 2525 4611 2585 eorum,

3736 2616 3920 2698 ”quia
3934 2616 4288 2680 secundum
4308 2615 4610 2678 uirtutem

3735 2722 4168 2785 testimonium
4231 2721 4345 2784 illis
4409 2720 4610 2785 reddo

3733 2832 3797 2892 et
3824 2847 4018 2910 supra
4052 2828 4353 2891 uirtutem
4380 2827 4610 2891 uolun-

3733 2935 3873 2998 tarii
3906 2936 4160 2999 fuerunt
4205 2934 4384 2998 4curn
4407 2934 4614 2997 multa

3732 3041 4173 3106 exhortatione
4202 3041 4613 3105 obsecrantes

3731 3167 3850 3212 nos
3890 3148 4164 3228 gratiam
4213 3150 4278 3212 et
4321 3163 4614 3211 commu-

3734 3253 4116 3318 nicationem
4284 3252 4612 3319 ministerii

3733 3359 3910 3443 quod
3967 3358 4044 3424 fit
4102 3359 4167 3424 in
4229 3363 4513 3440 sanctoS‚

3736 3468 3836 3530 ¹⁵et
3855 3486 3989 3530 non
4005 3467 4168 3532 sicut
4189 3469 4610 3550 ερετεωὶῐῐιυε,

3732 3572 3844 3637 sed
3871 3576 4074 3637 semet
4094 3574 4262 3655 ipsos
4295 3574 4611 3639 dederunt

3731 3680 4012 3763 primum
4053 3678 4318 3746 domino
4379 3681 4609 3747 deinde

3731 3786 3915 3851 nobis
3929 3805 4042 3869 per
4062 3785 4458 3853 uoluntatem
4481 3787 4598 3865 dei,

3734 3893 3860 3956 ‘ita
3881 3894 3953 3956 ut
3981 3911 4347 3974 rogaremus
4366 3893 4593 3969 Titum,

3730 4001 3804 4062 ut
3858 3998 4400 4081 quemadmodum
4453 4017 4597 4063 coe-

3729 4104 3822 4186 pit
3854 4105 3944 4168 Ita
3981 4108 4047 4169 et
4079 4105 4364 4188 perficiat
4387 4104 4453 4168 in
4485 4123 4601 4169 uo-

3729 4212 3826 4277 bis
3859 4213 4054 4277 etiam
4088 4212 4362 4293 gratiam
4397 4210 4600 4290 istam,

3733 4319 3886 4383 'sed
3962 4318 4125 4383 sicut
4186 4318 4263 4382 in·
4312 4319 4607 4385 omnibus

3727 4424 4070 4490 abundatis
4147 4425 4276 4490 fide
4351 4430 4416 4490 et
4478 4445 4610 4490 ser·-

3732 4550 3925 4596 mone
4036 4534 4101 4596 et
4199 4532 4460 4597 scientia
4544 4535 4609 4598 et

3727 4638 3904 4703 omni
4005 4637 4420 4704 sollicitudine
4509 4639 4608 4703 in·
