5117 6800
2386 847 2473 916 17

2316 1060 2352 1142 g
2415 1061 2508 1124 15.

771 1224 883 1290 Die
927 1224 1475 1307 sprachlichen
1522 1221 2424 1306 Eigenthiimlichkeiten
2470 1225 2672 1288 notire
2715 1223 2815 1287 ich
2862 1223 2978 1286 mit
3016 1222 3389 1287 Ausnahme
3428 1223 3697 1288 seltener
3737 1223 4250 1306 Erseheinungen

574 1333 742 1398 bloss
781 1352 866 1397 an
907 1331 1163 1396 solchen
1187 1331 1441 1407 Stellen,
1486 1330 1726 1395 welche
1768 1350 1894 1394 von
1937 1330 2050 1395 der
2080 1331 2353 1413 Vulgata
2386 1330 2776 1395 abweichen.
2810 1365 2888 1374 —
2920 1327 2991 1392 In
3032 1328 3154 1393 der'
3180 1328 3712 1395 Formenlehre
3742 1331 3822 1395 ist
3846 1331 4252 1397 hemerkens-

573 1440 810 1504 werth:
853 1438 1134 1519 infirmes
1178 1437 1338 1501 Heb.
1385 1438 1444 1514 6,
1492 1438 1601 1513 12;
1648 1440 1923 1502 sinceres
1966 1438 2124 1502 Phil.
2176 1439 2227 1513 1,
2278 1439 2383 1511 10;
2427 1437 2626 1517 ipsud
2668 1436 2803 1501 Gal.
2847 1436 2905 1513 2,
2956 1436 3050 1499 10.
3096 1471 3177 1480 -
3227 1435 3450 1500 Grosse
3478 1436 4053 1518 Ungebundenheit
4092 1441 4252 1522 zeigt

574 1547 707 1610 sich
767 1547 829 1610 in
871 1546 984 1609 der
1026 1543 1596 1625 Casussetzung
1652 1545 1845 1608 nach
1904 1544 2518 1627 Prapositionen.
2630 1544 2745 1608 Die
2785 1543 3197 1625 Verbindung
3256 1562 3383 1607 von
3428 1544 4253 1626 Accusativpra'positionen

575 1654 691 1717 mit
735 1653 872 1717 dem
915 1651 1180 1716 Ablativ
1227 1649 1426 1714 smdet
1482 1650 1616 1714 sich
1680 1651 1781 1715 bei
1822 1653 1905 1715 in
1947 1672 2014 1715 eo
2076 1650 2191 1732 (εἰς
2235 1648 2466 1732 αὐτόν)
2513 1652 2550 1714 2
2595 1649 2735 1715 Cor.
2776 1650 2835 1728 2,
2879 1651 2953 1725 8;
2995 1651 3066 1713 in
3104 1670 3232 1730 qua
3279 1646 3393 1729 (εἰς
3432 1646 3538 1733 ἣν)
3584 1658 3849 1715 uocatus
3898 1672 3965 1716 es
4014 1654 4039 1715 1
4088 1651 4250 1716 Tim.

575 1761 635 1835 6,
687 1761 787 1832 12;
832 1779 968 1838 per
995 1759 1038 1839 ¹)
1083 1807 1140 1820 ..
1181 1759 1549 1838 qratiarunz
1591 1760 1836 1823 actione
1875 1758 1913 1821 2
1939 1756 2080 1822 Cor.
2110 1759 2168 1836 9,
2204 1758 2278 1822 12
2321 1759 2455 1822 und
2481 1764 2806 1838 propter
2848 1777 2993 1822 esca
3036 1757 3224 1821 Rom.
3263 1757 3359 1833 14,
3394 1758 3470 1820 15
3511 1758 3644 1821 und
3687 1759 3786 1821 20.
3832 1793 3911 1802 -
3950 1759 4255 1841 Hfiufiger

572 1867 715 1930 sind
760 1865 1506 1945 Ablativprc'ipositionen
1548 1867 1665 1929 mit
1723 1865 1861 1930 dem
1919 1868 2266 1930 Accusatio
2312 1866 2711 1943 verbunden,
2773 1865 3086 1928 niimlich:
3150 1885 3192 1928 a
3234 1864 3709 1929 machedoniam
3767 1866 3807 1929 2
3845 1865 3987 1930 Cor.
4034 1866 4089 1943 1,
4142 1866 4251 1940 163

575 1994 619 2036 a
660 1974 1016 2040 societatem
1060 1971 1216 2054 Eph.
1262 1972 1320 2049 2,
1371 1972 1476 2047 12;
1526 1992 1684 2036 cum
1713 1972 1962 2052 plebem
2004 1973 2191 2037 Rom.
2244 1974 2336 2050 15,
2383 1973 2491 2047 10;
2538 1992 2677 2036 cum
2722 1974 3056 2037 caritatem
3100 1973 3127 2034 1
3168 1971 3309 2036 Cor.
3349 1973 3442 2050 16,
3473 1973 3576 2048 143
3623 1992 3762 2036 cum
3801 1973 4255 2055 sufficientiam

579 2081 607 2142 1
655 2080 817 2143 Tim.
860 2084 919 2156 6,
965 2080 1038 2153 ὅς
1085 2099 1222 2142 cnm
1271 2080 1653 2143 iurationem
1697 2079 1857 2143 Heb.
1891 2081 1947 2156 7,
1991 2080 2102 2154 21;
2148 2080 2239 2143 de
2271 2085 2653 2159 potestatem
2696 2087 2981 2144 nostram
3023 2081 3061 2142 2
3097 2078 3237 2143 Cor.
3270 2080 3364 2157 10,
3393 2082 3465 2154 8;
3513 2079 3592 2144 de
3637 2079 3873 2143 tribum
3920 2078 4253 2162 alte[ram]

572 2185 735 2251 Heb.
778 2188 835 2264 7,
876 2188 977 2260 13;
1024 2207 1114 2251 ex
1158 2180 1599 2250 consensum]
1642 2185 1782 2250 Cor.
1822 2188 1880 2263 7,
1916 2189 1985 2261 5;
2045 2207 2121 2250 ex
2159 2195 2410 2267 partem
2456 2187 2494 2249 2
2536 2186 2678 2250 Cor.
2725 2188 2783 2265 2,
2827 2188 2899 2262 5;
2959 2208 3037 2250 ex
3091 2186 3590 2268 infirmita[te]m
3632 2187 3672 2250 2
3718 2186 3861 2251 Cor.
3914 2187 4007 2264 13,
4052 2187 4125 2261 43
4178 2207 4257 2250 ex

576 2297 904 2358 caritatem
938 2293 1098 2358 Phil.
1123 2295 1174 2370 1,
1208 2294 1318 2366 16;
1357 2295 1435 2356 in
1474 2293 1638 2357 diem
1671 2293 1768 2374 (ἐν
1794 2295 1876 2374 τῇ
1902 2292 2131 2376 ἡμέρᾳ)
2173 2294 2365 2357 lCor.
2402 2295 2455 2370 1,
2479 2296 2516 2356 8
2547 2294 2682 2358 und
2710 2296 2749 2356 2
2776 2293 2916 2357 Cor.
2968 2295 3022 2369 1,
3067 2295 3172 2369 14;
3218 2296 3286 2357 in
3326 2295 3702 2358 aelationem
3746 2293 3938 2358 lCor.
3976 2295 4034 2370 2,
4078 2295 4141 2368 1;
4181 2296 4251 2357 in

574 2403 945 2483 mysterium
987 2400 1083 2480 (ἐν
1110 2401 1465 2483 μυστηρίῳ)
1505 2401 1531 2464 1
1561 2399 1700 2464 Cor.
1726 2402 1783 2476 2,
1810 2401 1881 2474 7;
1927 2401 1995 2463 in
2028 2402 2565 2481 incorruptionem
2598 2399 2694 2481 (ἐν
2727 2398 3109 2482 ἀφθαρσίᾳ)
3147 2402 3175 2463 1
3203 2400 3343 2465 Cor.
3376 2401 3469 2476 15,
3505 2401 3586 2464 42
3610 2400 3743 2464 und
3765 2399 3922 2482 Eph.
3945 2401 4003 2476 6,
4028 2400 4139 2475 24;
4183 2402 4253 2465 in
4297 2413 4306 2420 ’

574 2511 1091 2575 sustentatio-nem
1140 2508 1238 2589 (ἐν
1270 2506 1593 2588 ὑπομονῇ)
1629 2508 1667 2570 2
1690 2507 1830 2570 Cor.
1859 2508 1910 2584 1,
1934 2508 2005 2583 6;
2055 2509 2386 2589 infaciem
2435 2505 2530 2586 (ἐν
2563 2506 2921 2588 προσώπῳ)
2962 2508 2998 2570 2
3022 2506 3164 2571 Cor.
3209 2508 3260 2583 1,
3292 2508 3358 2570 11
3402 2507 3536 2571 und
3557 2508 3712 2585 4‚6;
3755 2508 3826 2570 in
3853 2491 4255 2572 sathitatem

498 2662 503 2667 -
576 2624 637 2681 et
679 2619 1108 2697 sinceritatem
1169 2614 1263 2696 (ἐν
1303 2612 1585 2696 ἁγιότητι
1641 2615 1749 2676 καὶ
1808 2612 2192 2697 εἰλικρινείᾳ)
2238 2616 2276 2678 2
2321 2615 2462 2678 Cor.
2514 2616 2567 2690 1,
2617 2616 2724 2691 12,
2781 2615 2851 2677 in
2897 2615 3235 2678 tristitiam
3293 2612 3389 2694 (ἐν
3431 2613 3632 2696 λύπῃ)
3681 2614 3721 2677 2
3764 2613 3905 2678 Cor.
3949 2615 4007 2691 2,
4057 2614 4127 2688 1;
4185 2616 4255 2678 in

581 2724 1074 2789 consolationem
1116 2729 1400 2786 nostram
1444 2722 1482 2784 2
1531 2720 1672 2786 Cor.
1721 2722 1778 2797 7,
1844 2722 1949 2796 133
2004 2723 2073 2785 in
2127 2722 2393 2787 multam
2429 2720 2937 2803 p[robat]ionem
2982 2719 3077 2799 (ἐν
3121 2720 3332 2802 πολλῇ
3374 2720 3629 2803 δοκιμῇ)
3690 2722 3728 2784 2
3772 2720 3912 2785 Cor.
3955 2722 4013 2798 8,
4058 2722 4129 2796 2;
4185 2722 4257 2784 in

578 2832 860 2894 alien-am
904 2830 1188 2911 requiam
1234 2829 1331 2909 (ἐιΙ
1376 2828 1693 2908 α’λλοτρίῳ
1737 2827 1985 2910 κανόνι)
2028 2830 2066 2892 2
2110 2829 2250 2896 Cor.
2300 2830 2394 2906 10,
2444 2831 2552 2904 16;
2612 2832 2684 2892 in
2733 2849 2992 2893 carnem
3046 2827 3177 2893 und
3236 2831 3304 2891 in
3347 2829 3548 2908 fidem
3610 2827 3705 2909 (ἐν
3751 2833 3948 2909 σαρκί
3990 2828 4126 2891 und
4185 2830 4257 2890 ἐν

579 2938 828 3017 πίστει)
873 2936 1006 3001 Gal.
1053 2937 1112 3015 2,
1154 2938 1262 3011 2Ο;
1308 2939 1374 2999 in
1416 2942 1672 3000 sanctos
1717 2936 1815 3017 (ἐν
1855 2934 2078 3016 ἁγίοις)
2122 2936 2279 3019 Eph.
2330 2938 2381 3014 1,
2431 2938 2532 3011 183
2581 2939 2649 3000 in
2694 2937 3144 3018 beniynitatem
3183 2933 3279 3016 (ἐν
3319 2933 3728 3018 χρηστότητι)
3768 2934 3927 3017 Eph.
3969 2936 4028 3013 2,
4070 2937 4105 2999 7
4126 2958 4141 3010 ς
4185 2937 4256 2998 in

581 3043 1002 3125 defensionem
1045 3052 1103 3109 et
1149 3043 1685 3124 confirmationem
1729 3041 1825 3123 (ἐν
1870 3045 1953 3123 τῇ
1994 3041 2316 3126 α’πολογίᾳ
2356 3047 2474 3106 καί
2514 3039 2891 3124 βεβαιώσει)
2938 3041 3095 3106 Phil.
3146 3043 3199 3118 1,
3244 3043 3279 3105 7
3325 3061 3427 3105 wo
3471 3041 3880 3106 unmittelbar
3918 3040 4145 3106 vorher
4186 3044 4255 3106 in

575 3152 855 3216 uinculis
896 3153 1051 3215 mei-s
1092 3150 1291 3225 steht3
1335 3151 1405 3213 in
1443 3150 1631 3226 fidem
1675 3156 1734 3214 et
1772 3150 2113 3214 ueritatem
2154 3147 2253 3230 (ἐν
2298 3154 2524 3213 πίστει
2565 3155 2680 3212 καί
2715 3149 3031 3232 ἀληθείᾳ)
3081 3148 3293 3212 1Tim.
3317 3149 3376 3226 2,
3407 3150 3482 3224 7;
3527 3150 3596 3212 in
3626 3150 4256 3228 praeuaricationem

573 3258 676 3338 (ἐν
720 3257 1122 3339 παραβάσει)
1172 3258 1200 3320 1
1237 3257 1396 3320 Tim.
1421 3257 1480 3332 2,
1522 3257 1629 3331 14·;
1673 3257 1744 3319 in
1782 3256 1972 3332 fidem
2010 3263 2069 3320 et
2115 3256 2506 3321 dilectionem
2553 3256 2652 3336 (ἐν
2695 3261 2920 3320 πίστει
2962 3260 3077 3318 καί
3117 3254 3365 3337 οἷγαπῇ)
3414 3255 3631 3319 lTim.
3660 3256 3855 3334 2,15;
3900 3258 3971 3320 in
4012 3255 4255 3321 lumbos

577 3364 674 3447 (ἐν
718 3368 798 3448 τῇ
838 3362 1062 3447 daath)
1106 3362 1267 3428 Heb.
1296 3364 1352 3441 7,
1381 3363 1484 3438 10;
1531 3354 1599 3426 in
1641 3365 2016 3445 sanquinem
2061 3361 2279 3443 (ἐντῷ
2310 3360 2565 3445 αἵματι)
2616 3363 3032 3441 Heb.10,19;
3077 3365 3148 3427 in
3188 3364 3553 3427 memoriam
3576 3362 3796 3427 habete
3836 3363 3997 3427 Heb.
4036 3364 4131 3441 10,
4156 3363 4254 3427 32.

575 3473 685 3538 Bei
722 3475 790 3537 in
839 3473 1273 3553 infirmitatem
1319 3477 1377 3536 et
1420 3472 1705 3535 timorem
1750 3471 1778 3533 1
1817 3469 1958 3535 Cor.
2005 3471 2062 3545 2,
2113 3471 2150 3533 3
2191 3471 2333 3535 sind
2369 3471 2552 3535 beide
2595 3492 2658 3534 m
2702 3472 2818 3534 mit
2857 3471 2978 3534 viel
3021 3470 3355 3535 dunklerer
3392 3470 3596 3549 Tinte,
3640 3471 3771 3535 also
3812 3491 3940 3535 von
3980 3473 4258 3554 speterer

574 3579 767 3646 Hand
824 3580 1316 3644 durchstrichen.
1414 3579 1582 3642 Statt
1635 3577 1746 3641 des
1798 3577 2321 3642 Instrumentalis
2382 3578 2550 3643 steht
2614 3578 2684 3641 in
2743 3580 2857 3641 mit
2911 3578 3061 3641 dem
3103 3578 3450 3642 Accusativ
3469 3577 3517 3659 Β)
3578 3598 3663 3641 an
3715 3579 3868 3648 zwei
3908 3578 4143 3643 Stellen
4185 3580 4257 3643 in

577 3689 925 3750 orationem
970 3686 1076 3769 (τῇ
1119 3684 1370 3768 δεήσει)
1413 3686 1452 3748 2
1485 3684 1627 3749 Cor.
1673 3686 1726 3762 1,
1772 3685 1840 3748 11
1876 3684 2011 3748 und
2045 3687 2111 3748 in
2152 3686 2734 3766 manifestationem
2778 3684 2886 3767 (τῇ
2928 3682 3319 3767 φανερώσει)
3360 3687 3399 3749 2
3420 3686 3560 3749 Cor.
3581 3687 3643 3764 4,
3665 3686 3722 3749 2.
3795 3706 3947 3766 pro
3975 3693 4259 3751 uestram

565 3795 847 3875 ylo-riam
896 3796 925 3857 t
973 3793 1115 3857 Cor.
1167 3793 1262 3869 15,
1317 3793 1504 3873 31⁸);
1560 3811 1684 3872 pro
1742 3798 2027 3873 uestram
2085 3791 2574 3856 consolationem
2614 3792 2652 3854 2
2701 3791 2840 3855 Cor.
2909 3791 2962 3869 1,
3019 3792 3092 3866 6;
3156 3811 3285 3871 pro
3345 3799 3630 3858 uestram
3691 3791 4255 3876 aedification-[em]

576 3902 615 3964 2
655 3900 797 3966 Cor.
851 3902 944 3978 12,
996 3902 1104 3975 19;
1139 3920 1265 3979 pro
1308 3901 1647 3963 ueritatem
1684 3899 1722 3961 2
1769 3897 1908 3962 Cor.
1960 3899 2053 3973 13,
2096 3899 2172 3973 83
2216 3900 2387 3962 sine
2431 3898 2844 3980 offensionem
2883 3898 3043 3963 Phil.
3091 3900 3146 3979 1,
3195 3900 3302 3976 10;
3346 3902 3486 3965 sine
3513 3906 3772 3981 patrem
3812 3902 3951 3965 sine
3994 3908 4257 3966 matrem

572 4012 711 4073 sine
747 4008 1212 4089 generatio-nem
1252 4007 1412 4070 Heb.
1439 4007 1495 4083 7,
1521 4007 1593 4081 3;
1638 4007 1776 4070 sine
1818 4004 2137 4069 maculam
2179 4005 2339 4068 Heb.
2364 4006 2421 4083 7,
2447 4006 2546 4069 26.
2589 4041 2667 4050 -
2714 4005 2960 4070 Ηόοὴεῒ
3000 4007 3424 4089 merkwfirdig
3465 4007 3543 4071 ist
3583 4008 3683 4071 die
3712 4007 4255 4089 Vermischung

571 4117 854 4179 zweier
889 4114 1589 4190 Constructionen,
1658 4112 1760 4177 die
1812 4112 1945 4176 sich
1999 4112 2101 4175 bei
2160 4112 2272 4176 der
2315 4112 2712 4195 Prfiposition
2754 4115 2823 4178 in
2866 4112 3169 4195 findet⁴);
3242 4134 3312 4178 so
3355 4114 3526 4179 lesen
3566 4116 3708 4178 wir:
3764 4117 3835 4179 in
3885 4116 4095 4180 eodem
4159 4117 4255 4178 in·

575 4219 883 4285 tellectum
943 4229 1001 4286 et
1057 4223 1121 4284 in
1171 4221 1390 4285 eadem
1433 4221 1810 4286 sententiam
1858 4221 1885 4283 1
1925 4218 2067 4284 Cor.
2118 4219 2170 4296 1,
2213 4220 2322 4294 10;
2382 4220 2452 4284 in
2507 4221 2730 4285 eadem
2787 4222 3133 4303 imayinem
3174 4222 3717 4301 transformamur
3772 4223 3811 4286 2
3858 4223 3997 4286 Cor.
4044 4223 4101 4299 3,
4153 4223 4254 4296 183

578 4330 644 4391 in
689 4328 972 4393 omnibns
1012 4329 1138 4406 fi'de
1179 4335 1239 4393 et
1280 4327 1471 4392 uerbo
1517 4334 1576 4391 et
1618 4327 1952 4391 scientiam
2001 4334 2059 4391 et
2106 4328 2276 4391 omni
2320 4328 2536 4392 studio
2582 4334 2643 4392 et
2686 4349 2825 4392 eam
2870 4349 3033 4410 quae
3078 4349 3155 4392 ex
3199 4329 3383 4393 nobis
3424 4330 3493 4392 in
3550 4328 3733 4393 uobis
3775 4336 3870 4395 est
3924 4330 4258 4392 caritatem

504 4489 517 4501 .
576 4433 780 4499 S‘ZCor.
806 4437 865 4513 8,
889 4436 956 4509 73
1004 4438 1066 4498 in
1114 4435 1406 4516 obsequio
1439 4484 1452 4498 .
1487 4441 1628 4499 ..et
1671 4434 2146 4515 simplicitatem
2176 4434 2601 4512 2C0r.9,13;
2646 4437 2715 4499 in
2760 4439 2929 4500 omni
2965 4437 3273 4517 pietatem
3314 4442 3372 4501 et
3415 4438 3747 4501 caritatem
3781 4437 3809 4499 1
3840 4435 4002 4499 Tim.
4026 4436 4085 4513 2,
4109 4435 4258 4497 2.-

574 4542 767 4607 Sonst
829 4542 1046 4605 finden
1109 4541 1739 4623 Abweichungen
1802 4561 1948 4605 von
2015 4541 2162 4605 den
2224 4541 2526 4623 Regeln
2591 4542 2726 4605 der
2790 4542 3131 4608 Rection
3186 4546 3340 4607 statt
3398 4543 3530 4607 bei:
3618 4542 3852 4623 dionae
3916 4540 4259 4606 mercedem

779 4856 828 4923 1)
863 4872 990 4924 per,
1030 4854 1128 4907 das
1167 4853 1223 4906 in
1260 4855 1357 4909 der
1395 4852 1754 4907 Handschrift
1794 4851 2266 4923 weggeschnitten
2304 4850 2400 4914 ist,
2438 4850 2626 4904 wurde
2664 4850 2839 4905 durch
2876 4851 3171 4921 Conjectur
3208 4855 3451 4921 ergdnzt.

770 4943 826 5011 2)
862 4941 986 4997 Wie
1013 4941 1200 5009 hfiufig
1239 4941 1297 4994 in
1324 4942 1421 4995 cler
1445 4939 1747 4994 biblischen
1780 4939 2020 5009 Sprache
2057 4938 2123 4992 in
2164 4938 2283 4992 mit
2320 4939 2466 4992 dem
2498 4937 2780 4991 Ablativ
2818 4938 2921 4992 den
2961 4938 3514 4991 lnstrumentalis
3555 4939 3798 5003 vei-tritt,
3851 4940 3964 5010 vgl.
4002 4940 4259 4997 Rbnsch

567 5027 624 5081 S.
661 5029 780 5082 396.
855 5028 914 5082 ln
952 5030 1051 5084 der
1087 5027 1400 5098 Freisinger
1438 5025 1795 5080 Handschrifl:
1832 5025 2004 5080 findet
2055 5023 2172 5079 sich
2223 5024 2400 5079 dieser
2435 5024 2726 5079 Gebrauch
2776 5041 2963 5078 ausser
3009 5041 3081 5076 an
3130 5023 3238 5078 den
3290 5023 3395 5077 mit
3442 5025 3541 5078 der
3580 5024 3824 5095 Vulgata
3877 5026 4258 5082 iibereinstim-

571 5114 807 5168 menden
845 5114 1051 5170 Stellen
1090 5132 1197 5168 nur
1232 5114 1374 5168 noch
1411 5114 1499 5167 bei
1540 5115 1595 5167 in
1633 5130 1754 5167 esca
1794 5119 1892 5167 tua
1930 5112 2085 5166 Rom.
2128 5112 2206 5175 14,
2250 5114 2331 5165 15.
3616 5161 3624 5180 ,

778 5199 832 5267 3)
870 5200 1003 5256 Hier
1035 5201 1107 5255 ist
1143 5201 1403 5272 iibrigene
1440 5197 1895 5254 wahrseheinlich
1930 5215 2030 5268 per
2066 5216 2132 5251 zu
2169 5198 2475 5261 schreibem
2509 5196 2621 5266 vgl.
2660 5195 2846 5251 diesen
2876 5196 3012 5251 Vere
3047 5196 3106 5249 in
3134 5197 3232 5251 der
3253 5196 3656 5268 vergleichend.
3674 5197 4257 5270 zusammenstellung.

767 5285 822 5351 4)
857 5285 927 5339 Ee
965 5286 1106 5357 liegt
1142 5288 1446 5359 allerdings
1482 5288 1651 5351 nahe,
1702 5285 1789 5341 bei
1825 5287 2009 5341 diesen
2047 5286 2157 5339 und
2195 5284 2489 5338 §.huliohen
2526 5282 2716 5337 Fauen
2752 5299 2824 5336 an
2861 5282 2949 5337 die
2986 5282 3456 5354 eigenthssmliohe
3492 5283 3880 5340 Schreibweise
3914 5303 3983 5338 zu
4021 5285 4256 5349 denken,

575 5367 780 5423 welche
817 5370 954 5425 oben
994 5375 1046 5443 (ξ
1086 5375 1174 5442 14)
1214 5375 1547 5444 besproohen
1586 5374 1792 5438 wurde,
1830 5374 1942 5426 und
1980 5371 2265 5426 Einzelnes
2300 5370 2435 5424 wird
2473 5369 2619 5425 auch
2657 5369 2784 5423 dort
2818 5368 3170 5424 einzureihen
3207 5369 3348 5435 seim
3387 5369 3557 5425 allein
3593 5371 3692 5425 das
3727 5388 3832 5441 gar
3868 5370 4022 5426 nicht
4051 5372 4257 5428 seltene

573 5452 943 5510 Vorkommen
982 5457 1041 5510 in
1081 5462 1321 5515 anderen
1364 5460 1547 5531 gleich
1584 5461 1737 5515 alten
1776 5458 2204 5513 Handschriften
2240 5458 2322 5526 (so
2358 5458 2457 5512 hat
2496 5476 2538 5511 z.
2578 5456 2638 5509 B.
2674 5455 2771 5509 der
2809 5455 3107 5511 Fuldensv's
3141 5456 3342 5526 Eph.2,
3374 5458 3436 5510 12
3472 5457 3562 5512 die
3598 5457 3935 5513 auffallende
3975 5458 4165 5513 Lesart
4202 5462 4259 5515 in

567 5540 716 5594 hunc
744 5542 969 5613 mundo)
1010 5544 1203 5598 malint
1239 5546 1366 5600 sehr
1401 5564 1499 5600 zur
1536 5546 1807 5600 Vorsicht.

777 5647 859 5698 210
871 5659 897 5697 ς
908 5648 919 5685 1
931 5660 952 5686 ο
965 5660 980 5685 r
994 5676 1006 5689 .
1049 5650 1258 5695 miningas
1294 5651 1608 5699 lul-truncate.
3827 5649 3861 5701 3
