5117 6800
907 1083 1001 1153 A

523 1240 684 1282 ooeto
719 1239 870 1298 υμιν
897 1217 1194 1299 σπουδην
1229 1217 1394 1279 αλλα

519 1323 876 1404 απολογιαν
935 1323 1102 1387 αλλα
1156 1346 1393 1404 αγανα-

518 1450 744 1514 κτησιν
786 1430 955 1493 αλλα
981 1434 1188 1511 φοβον
1225 1429 1393 1492 αλλα

519 1541 927 1619 επιποθησιν
982 1535 1149 1599 aua
1212 1535 1396 1617 ζηλον

519 1642 689 1704 αλλα
727 1643 1051 1725 εκδικησιν
1088 1665 1159 1703 εν
1192 1664 1395 1704 παντι

523 1769 961 1830 συνεστησατε
1114 1769 1392 1811 εαυτουσ

519 1876 759 1934 αγνουσ
823 1877 984 1916 swat-
1045 1877 1134 1915 τω
1192 1876 1391 1933 πραγ-

517 1983 676 2041 ματι

525 2068 579 2105 ¹2
593 2089 723 2147 αρα
806 2089 862 2128 ει-
943 2090 1051 2129 και
1132 2080 1391 2155 εγραψα

515 2195 668 2253 υμιν
712 2194 827 2251 ουχ
856 2195 1073 2234 ενεκεν
1101 2195 1217 2235 του
1251 2173 1389 2236 adt-

514 2300 836 2361 κησαντοσ
878 2279 998 2341 αλλ,
1050 2280 1205 2341 ουδε
1259 2303 1391 2341 eve-

513 2408 626 2447 κεν
720 2407 836 2447 του
951 2384 1389 2467 αδικηθεντοσ

512 2491 678 2554 ama
712 2514 931 2553 ενεκεν
957 2513 1072 2553 του
1103 2514 1389 2574 φανερω·

509 2602 713 2680 &mm
740 2621 857 2679 την
886 2597 1181 2680 σπουδην
1212 2618 1389 2677 υμων

508 2728 628 2788 την
707 2726 874 2782 υπερ
959 2727 1142 2786 mecm·
1214 2726 1385 2785 προσ

510 2833 686 2892 υμασ
761 2813 1038 2872 ενωπιον
1108 2832 1222 2871 του
1295 2814 1386 2871 {tv

519 2919 570 2958 ¹⁸
587 2919 696 2980 δια
735 2939 927 2978 τουτο
986 2915 1384 2997 παρακεκλη-

506 3028 694 3105 μεθα
737 3045 850 3084 sm
911 3022 986 3083 δε
1038 3045 1117 3104 τη
1174 3043 1383 3100 παρα-

509 3129 727 3210 κλησει
772 3150 955 3208 ημων
1011 3148 1386 3207 περισσοτε-

509 3257 641 3317 ρωσ
724 3234 970 3315 μαλλον
1063 3256 1385 3316 εχαρημεν

510 3364 622 3404 em.
677 3364 755 3425 τη
798 3364 969 3423 χαρα
1043 3362 1218 3404 τιτου
1287 3363 1385 3404 οτι

507 3470 997 3511 αναπεπαυτατ
1043 3470 1079 3509 o
1117 3470 1383 3527 πνευμα

508 3576 710 3618 αυτου
743 3577 882 3616 ano
908 3575 1178 3615 παντων
1203 3576 1385 3634 υμων

516 3662 681 3723 14οτι
712 3664 795 3722 ἐι
854 3683 916 3721 τι
973 3682 1150 3721 aevvm
1215 3682 1381 3741 υπερ

505 3790 687 3848 υμων
795 3788 1193 3849 κεκαυχημαι
1306 3789 1382 3829 ου

504 3877 968 3956 κατησχυνθην
1069 3872 1188 3936 αλλ
1287 3895 1380 3936 ωσ

508 4002 730 4042 nawa
789 4002 858 4041 εν
914 3977 1197 4062 αληθεια
1239 3979 1381 4042 ελα-

505 4086 794 4169 λησαμεν
835 4106 985 4165 υμιν
1025 4107 1234 4148 ουτωσ
1275 4110 1383 4149 και

502 4215 543 4274 η
616 4212 931 4273 καυχησισ
1016 4214 1197 4272 υμων
1269 4216 1381 4256 em

501 4320 679 4361 τιτου
745 4297 1028 4380 αληθεια
1107 4303 1378 4382 εγενεθη

511 4406 670 4466 ιι5κοιι
688 4427 771 4464 τα
800 4403 1142 4484 σπλαγχνα
1178 4428 1378 4468 αυτ-ου

503 4531 981 4591 περισσοτερωσ
1039 4533 1136 4572 εισ
1195 4532 1372 4590 υμασ

502 4638 680 4681 εστιν
725 4637 1378 4697 αναμιμνησκομενου

499 4746 619 4804 την
675 4744 945 4784 παντων
1018 4744 1200 4802 υμων
1252 4745 1377 4784 υπ-

500 4851 806 4911 axam-mn
838 4851 1008 4909 μετα
1032 4833 1240 4910 φοβου
1271 4851 1378 4891 και

1527 1213 1670 1278 fecit
1749 1214 1929 1277 uobis
2005 1214 2400 1291 industriam,

1524 1321 1634 1384 sed
1704 1320 2206 1397 excusationem,
2289 1320 2402 1383 sed

1524 1426 1956 1503 refectionem,
2015 1426 2126 1490 sed
2214 1427 2398 1490 timo·

1523 1552 1678 1610 rem,
1715 1532 1824 1595 sed
1858 1532 2256 1609 desiderium,
2287 1532 2399 1597 sed

1528 1637 2050 1715 aemulationem,
2103 1639 2212 1703 sed
2258 1640 2400 1702 uin-

1526 1746 1773 1809 dictam.
1818 1744 1889 1808 In
1914 1745 2208 1809 omnibus
2233 1752 2399 1810 com-

1524 1851 1841 1915 mendatis
1882 1870 1997 1915 uos
2019 1855 2224 1914 castos
2263 1871 2397 1915 esse

1521 1978 1590 2022 re
1679 1977 1855 2021 uera.

1529 2066 1582 2103 ¹²
1600 2063 1790 2145 Igitur
1811 2064 1926 2127 etsi
1954 2063 2168 2127 scribsi
2195 2063 2395 2142 uobis,

1521 2191 1655 2235 non
1681 2174 1937 2252 propter
1965 2189 2111 2233 eum
2136 2170 2242 2251 qui
2278 2170 2396 2232 ini-

1523 2277 1831 2360 quitatem
1932 2277 2076 2340 fecit
2188 2295 2396 2357 neque

1520 2388 1776 2467 propter
1820 2402 1967 2446 eum
2007 2384 2117 2463 qui
2168 2382 2396 2464 iniqui-

1520 2494 1720 2555 tatem
1808 2508 2028 2569 passus
2100 2491 2192 2551 est
2279 2489 2392 2552 sed

1519 2599 1779 2680 propter
1859 2594 2393 2658 manifestandam

1518 2704 1895 2768 industriam
1954 2705 2236 2765 uestram
2278 2721 2394 2783 pro

1520 2811 1701 2873 nobis
1737 2809 1819 2873 ad
1850 2828 1963 2872 uos
2005 2827 2220 2871 coram
2251 2807 2390 2871 de0.

1527 2916 1738 2980 ¹⁸Ideo
1795 2915 2095 2979 consolati
2154 2934 2392 2993 sumUS,

1517 3024 1583 3086 in
1624 3022 2118 3087 consolationem
2172 3024 2393 3085 autem

1515 3131 1795 3192 nostram
1815 3126 1954 3210 plus
1971 3127 2174 3207 magis
2191 3130 2393 3208 gauisi

1515 3254 1734 3299 sumus
1808 3236 1873 3297 in
1945 3236 2178 3316 gaudio
2246 3236 2389 3314 Titi,

1516 3342 1667 3425 quia
1707 3341 1974 3405 refectus
2005 3346 2098 3405 est
2142 3342 2392 3425 spiritus

1515 3451 1648 3512 eius
1693 3449 1778 3512 ab
1825 3448 2122 3512 omnibus
2176 3450 2388 3524 uobis;

1523 3661 1576 3698 ¹⁴
1592 3661 1897 3743 quoniam
1972 3659 2023 3723 si
2092 3659 2246 3741 quid
2308 3659 2392 3723 illi

1514 3766 1594 3830 de
1649 3766 1831 3829 uobis
1859 3766 2173 3846 -gloriatus
2226 3786 2388 3844 sum,

1511 3893 1646 3937 non
1662 3872 1884 3937 erubui
1902 3895 1917 3947 ;
1935 3874 2045 3936 sed
2068 3874 2391 3954 quomodo

1513 3979 1697 4042 uobis
1744 3981 1961 4043 omnia
2015 3981 2077 4043 in
2121 3980 2388 4044 ueritate

1516 4085 1703 4149 locuti
1743 4106 1982 4163 sumUS‚
2022 4089 2110 4149 ita
2151 4089 2214 4149 et
2256 4085 2390 4167 glo-

1512 4192 1693 4255 riatio
1752 4195 1968 4256 nostra
2040 4212 2205 4275 quae
2272 4193 2391 4257 fuit

1512 4299 1599 4362 ad
1651 4298 1868 4362 Titum
1930 4300 2161 4363 ueritas
2222 4301 2390 4364 facta

1511 4408 1622 4467 e'st.
1742 4405 1795 4443 ¹⁶
1809 4404 1885 4468 Et
1953 4405 2196 4469 uiscera
2256 4407 2389 4469 eius

1511 4512 1944 4576 abundantius
1957 4513 2022 4574 in
2040 4511 2221 4574 uobis
2235 4516 2387 4575 sunt

1511 4617 1964 4683 reminiscentis
2098 4618 2384 4681 omnium

1511 4727 1794 4787 uestrum
1893 4724 2382 4801 oboedientiam,

1510 4830 1832 4911 quomodo
1872 4850 2019 4894 cum
2056 4832 2283 4894 timore
2325 4832 2388 4893 et

2424 893 2514 961 99

2936 1081 3011 1150 (3

2523 1216 2659 1277 tam
2702 1214 2957 1295 perfecit
2994 1215 3059 1279 in
3088 1215 3269 1279 uobis
3303 1215 3400 1278 in-

2524 1320 2850 1385 dustriam.

3533 1218 3846 1298 quantam
3881 1216 3946 1278 in
3974 1215 4153 1278 uobis
4179 1234 4405 1297 opera-

3531 1326 3638 1386 tur
3690 1320 4195 1398 sollicitudinem,
4293 1322 4405 1386 sed

3530 1428 3987 1504 defensionem,
4048 1427 4160 1490 sed
4201 1426 4405 1509 indig-

3529 1535 3872 1611 nationem,
3916 1534 4028 1597 sed
4091 1533 4401 1612 timorem,

3527 1642 3638 1706 sed
3648 1640 4045 1716 desiderium,
4061 1639 4171 1703 sed
4183 1659 4403 1704 aemu-
4419 1647 4451 1699 5

3526 1748 3849 1824 lationem,
3895 1745 4007 1808 sed
4032 1746 4397 1810 uindictam.

3526 1856 3595 1919 In
3663 1853 3957 1917 omnibus
4036 1852 4401 1917 exhibuistis

3525 1981 3641 2025 uos
3683 1960 4216 2025 incontaminatos
4264 1979 4398 2023 eaee

3524 2068 3795 2148 negotio.
3933 2065 3985 2102 ¹²
4006 2063 4199 2145 Igitur
4283 2066 4396 2127 etsi

3523 2175 3738 2238 scribsi
3762 2172 3957 2246 uobi5‚
3977 2190 4118 2233 non
4142 2174 4397 2251 propter
4415 2184 4481 2238 10

3523 2301 3672 2346 eum
3736 2280 3843 2361 qui
3906 2277 4048 2341 fecit
4106 2277 4397 2341 iniuriam

3521 2409 3641 2453 nec
3725 2390 3982 2471 propter
4068 2404 4218 2448 eum
4288 2385 4397 2466 qui

3521 2515 3743 2580 passus
3785 2497 3880 2558 est
3920 2491 4032 2555 sed
4062 2491 4145 2555 ad
4192 2493 4396 2556 mani-

3523 2602 3880 2667 festandam
3912 2599 4395 2663 sollicitudinem

3521 2713 3806 2773 nostram
3840 2725 4038 2788 quam
4066 2725 4182 2787 pro
4214 2707 4395 2770 uobis
4414 2722 4478 2777 15

3522 2816 3835 2880 habemus
3898 2832 4110 2876 coram
4172 2812 4309 2877 de0.

3530 2924 3580 2960 ¹³
3599 2921 3745 2985 Ideo
3801 2919 4106 2984 consolati
4156 2938 4393 2997 sumUS,

3521 3030 3585 3091 in
3668 3025 4093 3091 consolatione
4180 3027 4395 3088 autem

3519 3137 3738 3197 nostra
3747 3130 4179 3195 abundantius
4193 3128 4395 3209 magis

3520 3239 3718 3320 ganisi
3758 3256 3977 3300 sumus
4020 3256 4207 3318 super
4236 3253 4392 3316 gau·
4409 3242 4475 3295 20

3519 3347 3696 3411 dium
3737 3344 3882 3419 Titi,
3926 3343 4077 3424 quia
4122 3341 4392 3405 refectus

3517 3457 3613 3516 est
3651 3452 3902 3534 spiritus
3941 3450 4074 3513 eius
4115 3449 4199 3511 ab
4254 3467 4391 3511 om-

3518 3558 3705 3622 nibus
3747 3556 3964 3630 uobis;

3525 3665 3578 3703 ¹⁴
3593 3668 3655 3727 et
3704 3663 3755 3726 si
3807 3662 3961 3743 quid
4003 3659 4177 3741 apud
4218 3657 4393 3722 illum

3517 3771 3597 3834 de
3637 3769 3820 3834 uobis
3878 3767 4178 3848 gloriatus
4226 3785 4389 3844 sum,
4406 3781 4474 3835 25

3516 3896 3647 3940 non
3689 3896 3831 3939 sum
3887 3873 4211 3946 confusus;
4276 3871 4390 3935 sed

3515 3985 3676 4046 sicut
3759 3981 3975 4045 omnia
4061 3979 4241 4043 uobis
4323 3978 4386 4040 in

3515 4090 3779 4153 ueritate
3807 4087 3999 4150 locuti
4024 4103 4262 4160 summ,
4301 4085 4390 4147 ita

3515 4199 3577 4258 et
3622 4192 3909 4274 gloriatio
3954 4196 4174 4254 nostra
4220 4207 4387 4270 quae

3513 4302 3628 4365 fuit
3712 4299 3798 4363 ad
3859 4298 4074 4361 Titum
4156 4295 4385 4358 ueritas
4402 4313 4470 4367 30

3513 4406 3680 4470 facta
3699 4407 3809 4487 est.
3844 4403 3973 4466 ¹⁵Et
3993 4402 4233 4466 uiscera
4253 4401 4385 4464 eius

3512 4511 3946 4574 abundantius
3993 4509 4059 4572 in
4090 4526 4207 4571 uos
4237 4510 4386 4569 sunt

3512 4617 3964 4681 reminiscentis
4100 4613 4387 4676 omnium

3513 4728 3796 4787 uestrum
3896 4719 4386 4794 oboedientiam,

3513 4829 3837 4912 quomodo
3864 4848 4013 4891 curn
4055 4827 4278 4889 timore
4323 4827 4470 4890 et35

499 5058 566 5112 A
638 5059 683 5111 1.
721 5079 809 5117 ιμ
792 5080 840 5108 ν
874 5057 1191 5111 Σ*1)ΕΚΪ.,
1223 5079 1276 5109 εν
1315 5078 1401 5116 ιμ
1384 5079 1432 5107 ν
1467 5059 1538 5108 Σ
1555 5056 1783 5111 CFGP.
1853 5058 1902 5111 2.
1940 5079 2317 5125 aramque,
2363 5058 2474 5127 (=
2514 5056 2890 5125 refectionem)
2934 5057 3015 5107 Σ*
3059 5059 3172 5111 und
3224 5057 3347 5112 eine
3382 5058 3601 5113 Pariser
3643 5055 4000 5111 Handschrit't
4036 5054 4153 5125 (XI.
4192 5053 4383 5108 Jahrb.

633 5142 723 5196 bei
758 5143 1043 5197 Tischend.
1081 5161 1163 5197 nr.
1200 5144 1304 5211 17).
1385 5144 1596 5197 nan
1633 5160 1732 5196 vor
1767 5146 1881 5195 ουδε
1915 5166 2037 5198 eun.
2085 5143 2229 5197 fehlt.
2278 5142 2336 5197 in
2384 5143 2492 5197 den
2541 5141 3059 5213 fibrig.Handsch1-.
3149 5144 3227 5198 14.
3269 5165 3405 5204 ιμων
3445 5165 3542 5211 την
3586 5163 3713 5214 nmo
3751 5165 3891 5213 ημων
3929 5141 4093 5197 GD⁰

4122 5138 4450 5228 c-EKLP

642 5249 783 5294 ημωυ
803 5250 899 5295 την
922 5248 1049 5300 mue
1073 5251 1206 5290 tumr
1225 5247 1333 5283 nur
1355 5228 1413 5283 in
1436 5228 2269 5300 811118.Μ111118118111.15.προο
2297 5250 2431 5289 vuum
2456 5227 2640 5283 fehlt
2624 5227 2867 5298 meinig.
2885 5228 3215 5283 Minuskeln.
3289 5229 3373 5283 27.
3409 5250 3571 5285 παπ.
3601 5253 3682 5291 vm
3693 5253 3717 5282 ν
3737 5253 3788 5282 n·
3765 5233 3974 5297 2⁹.anst
4009 5229 4141 5280 ελαλ.
4169 5201 4450 5281 ΟΒΕΡ..

500 5314 570 5369 ΙΙ
640 5313 689 5366 2.
728 5316 1132 5369 excusationem
1171 5315 1205 5369 d
1225 5331 1268 5383 g·
1302 5315 1682 5380 Ambrosiast„
1720 5316 1903 5370 Sedul.
1975 5315 2022 5370 7.
2063 5323 2244 5371 castos
2269 5316 2303 5369 d
2329 5314 2688 5369 Ambrosia-st.
2723 5316 3186 5370 incontaminatos
3222 5322 3245 5370 t
3280 5332 3375 5371 cas
3409 5331 3468 5385 8.

3543 5319 3624 5371 14.
3661 5322 3895 5386 propter
3919 5311 4384 5382 manifestandam

635 5399 1066 5454 sollicitudinem
1102 5407 1350 5456 nostram
1387 5418 1528 5471 quae
1562 5409 1644 5456 est
1675 5418 1784 5472 pro
1820 5401 1977 5455 nobis
2013 5401 2090 5455 ad
2123 5418 2226 5456 uos
2262 5417 2306 5468 8
2341 5401 2438 5456 sed
2472 5408 2536 5456 ut
2569 5402 2952 5471 manifectetur
2987 5401 3302 5456 sollicitudo
3338 5409 3593 5458 uestra
3629 5404 3845 5472 (nostra
3883 5401 3940 5470 d)
3987 5415 4127 5469 quae
4163 5405 4242 5453 est
4274 5413 4383 5466 pro

632 5485 791 5540 nobis
826 5485 902 5539 ad
939 5501 1042 5539 uos
1079 5499 1127 5540 e.
1200 5487 1284 5540 24.
1323 5490 1585 5556 quoniam
1621 5490 1672 5541 si
1707 5488 1842 5556 quid
1878 5489 1929 5540 ei
1960 5501 2004 5555 g·
2038 5489 2173 5557 quia
2207 5489 2259 5542 si
2293 5487 2429 5556 quid
2464 5494 2607 5557 aput
2641 5487 2799 5541 illum
2836 5486 2888 5540 d.

499 5574 568 5628 Ι)
643 5571 723 5624 16.
760 5571 1019 5625 habemus
1054 5571 1129 5626 ad
1165 5588 1268 5628 uos
1303 5590 1489 5629 coram
1527 5573 1627 5627 deo
1664 5573 1745 5627 fu.
1821 5573 1901 5627 19.
1940 5579 2186 5628 nostram
2222 5572 2303 5627 su.
2375 5573 2458 5627 32.
2495 5575 2554 5628 in
2590 5574 2749 5628 uobis
2781 5571 2849 5626 su
2883 5587 2981 5641 vg.
3049 5572 3134 5625 33.
3170 5574 3573 5629 reminiscentes
3613 5572 3695 5628 fu.

2175 5676 2208 5729 2
2245 5676 2362 5730 Cor.
2400 5677 2448 5740 7,
2501 5677 2721 5730 11—15.
