5117 6800
1259 1032 1355 1102 A

880 1167 933 1206 ¹⁶
951 1169 1285 1247 εβαπτισα
1340 1164 1416 1227 δε
1470 1188 1578 1228 και
1630 1185 1747 1226 τον

872 1287 1175 1355 στεφανα
1250 1293 1422 1334 οικον
1517 1271 1748 1336 λοιπον

872 1399 986 1440 ουκ
1029 1377 1178 1440 ouda
1227 1399 1284 1440 ει
1341 1400 1490 1441 τινα
1550 1377 1749 1440 allow

873 1487 1211 1568 εβαπτισᾳ
1260 1484 1311 1523 ¹⁷
1328 1505 1403 1547 ου
1443 1506 1563 1565 γαρ
1586 1504 1749 1545 απε-

787 1604 824 1657 5
873 1588 1126 1654 orsam
1167 1612 1250 1671 με
1284 1613 1319 1652 ο
1358 1606 1447 1668 χσ
1509 1593 1747 1670 βαπτι-

875 1698 1005 1772 ζειν
1091 1695 1259 1759 αλλα
1347 1695 1751 1776 &vary-§Zma-

876 1804 1049 1866 σθαι
1088 1824 1201 1864 ουκ
1233 1823 1306 1863 εν
1329 1818 1534 1884 σοφια
1563 1801 1751 1881 λογον

876 1928 983 1969 ινα
1026 1930 1117 1991 μη
1157 1910 1418 1989 κενωθη
1462 1929 1499 1970 ο
1560 1927 1750 1968 σταυ-

875 2033 991 2092 ροσ
1059 2034 1173 2074 του
1231 2035 1314 2092 χυ
1397 2013 1502 2075 ¹⁸0
1557 2011 1751 2093 λογοσ

792 2138 860 2193 10
873 2140 992 2200 γαρ
1072 2140 1190 2182 του
1267 2135 1551 2201 σταυρου
1608 2138 1749 2182 τοισ

873 2247 998 2307 μεν
1028 2225 1511 2305 annuarum-oto·
1542 2246 1752 2304 μωρια

876 2348 1056 2395 εστιν
1085 2346 1231 2395 voto*
1260 2331 1336 2392 δε
1357 2331 1752 2410 σωζομειόισ

874 2459 1028 2518 ημιν
1090 2435 1379 2516 δυναμισ
1423 2440 1518 2497 θυ
1575 2451 1753 2500 εστιν

885 2543 938 2581 ¹⁹
957 2564 1312 2622 γεγραπται
1364 2562 1484 2621 γαρ
1526 2542 1753 2606 anolo>

793 2676 862 2730 15
877 2668 996 2729 την
1048 2641 1292 2730 σοφιαν
1343 2669 1473 2708 των
1527 2662 1753 2727 σοφων

875 2775 983 2815 και
1064 2773 1184 2837 την
1272 2768 1538 2817 συιέσιν
1621 2773 1752 2815 των

874 2874 1164 2924 συνετων
1248 2861 1561 2941 αθετησω

878 2964 936 3003 ²⁰
956 2986 1090 3028 που
1129 2980 1346 3047 σοφοσ
1378 2985 1510 3026 που
1550 2986 1748 3046 γραμ-

869 3086 1125 3152 pareva
1168 3090 1303 3132 που
1343 3073 1749 3153 συνζητητησ

781 3190 983 3244 2οτου
1027 3191 1273 3239 αιωνοσ
1321 3197 1555 3240 τουτου
1608 3198 1751 3255 ουχι

870 3304 1204 3363 εμωρανεν
1248 3306 1283 3345 ο
1335 3287 1437 3347 θσ
1477 3304 1597 3366 την
1639 3281 1748 3347 σὀ-

873 3411 1033 3471 φιαν
1074 3411 1189 3451 του
1213 3411 1459 3470 κοσμου
1507 3389 1748 3452 ςΠεπειω

872 3493 955 3576 δη
997 3516 1117 3575 γαρ
1155 3515 1228 3557 εν
1268 3516 1350 3575 τη
1386 3512 1592 3578 σοφια
1632 3517 1749 3573 του

872 3603 968 3661 θυ
988 3620 1103 3661 ουκ
1129 3620 1289 3679 εγνω
1311 3622 1346 3661 ο
1368 3616 1622 3680 κοσμοσ
1640 3600 1751 3663 δια

787 3726 993 3786 25τησ
1024 3719 1274 3787 σοφιασ
1302 3727 1417 3766 τον
1447 3710 1543 3767 θν
1573 3705 1751 3768 ευδο-

870 3831 1065 3892 κησει·
1082 3832 1116 3872 ο
1134 3812 1231 3873 θσ
1246 3808 1358 3871 δια
1369 3830 1491 3892 τησ
1504 3832 1757 3893 μωριασ

871 3937 988 3977 του
1058 3932 1471 3998 κηρυγματοσ
1542 3933 1753 3980 σωσαι

874 4036 1035 4084 τουσ
1051 4036 1495 4086 πιστευοντασ
1521 4023 1751 4085 πεπει-

872 4126 956 4209 δη
1012 4150 1120 4189 και
1173 4127 1444 4190 ιουδαιοι
1510 4144 1750 4211 σημεια

782 4243 853 4296 30
871 4249 1166 4296 αιτουσιν
1193 4256 1299 4297 και
1329 4233 1600 4316 ελληνεσ
1642 4249 1748 4299 σο-

871 4361 1030 4423 φιαν
1052 4343 1348 4421 ζητουσιν
1380 4340 1436 4378 ⁸³
1450 4357 1645 4421 ημεισ
1672 4340 1748 4402 δε

867 4467 1275 4530 κηρυσσομεν
1358 4469 1438 4525 χν
1518 4468 1747 4509 &ovav-

867 4573 1161 4632 ρωμενον
1235 4553 1550 4616 condamm
1623 4575 1747 4632 μεν

871 4658 1242 4721 σκανδαλον
1332 4662 1601 4721 εθιτσιν
1669 4657 1746 4720 δε

1882 1164 1935 1201 ¹⁶
1949 1163 2275 1245 Baptizaui
2378 1165 2594 1227 autem
2687 1164 2752 1224 et

1875 1268 2223 1333 Sthefanae
2255 1267 2539 1344 domum,
2583 1269 2752 1331 cete-

1875 1393 2024 1438 rum
2088 1374 2299 1439 nescio
2359 1374 2411 1437 si
2475 1372 2754 1455 aliquem

1879 1479 2075 1544 alium
2126 1477 2460 1562 baptizaui.
2540 1477 2595 1519 ¹⁷
2608 1477 2751 1542 Non

1879 1585 2050 1649 enim
2106 1584 2389 1650 Christus
2438 1584 2606 1648 misit
2648 1601 2753 1647 me

1879 1691 2199 1772 baptizare
2258 1690 2373 1755 sed
2436 1689 2755 1770 euangeli-

1879 1815 2047 1874 zare,
2121 1814 2253 1859 non
2315 1795 2381 1859 in
2445 1795 2756 1877 sapientia

1879 1902 2079 1979 uerbi,
2124 1919 2206 1965 ne
2228 1904 2576 1966 euacuetur
2599 1920 2756 1966 crux

1882 2007 2127 2072 Christi.
2193 2006 2243 2044 ¹⁸
2258 2006 2541 2072 Uerbum
2584 2009 2755 2072 enim

1880 2115 2081 2178 crucis
2136 2113 2543 2195 pereuntibus
2599 2114 2757 2177 stul-

1877 2219 2019 2283 titia
2061 2221 2181 2296 est,
2232 2218 2332 2282 his
2385 2223 2606 2283 autern
2644 2219 2756 2301 qui

1879 2325 2037 2389 salui
2079 2325 2243 2389 fiunt
2267 2324 2467 2388 uirtus
2494 2322 2597 2388 dei
2641 2328 2753 2388 est.

1891 2537 1943 2574 ¹⁹
1963 2534 2284 2600 Scribtum
2368 2538 2463 2600 ost
2548 2536 2753 2600 enim:

1880 2640 2146 2723 perdam
2204 2641 2579 2723 sapientiam
2651 2662 2754 2707 sa-

1878 2745 2186 2830 pientium
2238 2749 2300 2810 et
2345 2748 2753 2830 prudentiam

1874 2853 2285 2936 prudentium
2370 2853 2749 2937 reprobabo,

1879 2958 1938 2998 ²⁰
1951 2959 2073 3024 Ubi
2111 2959 2360 3042 sapiens
2378 2962 2409 3024 ἱ)
2452 2961 2562 3025 ubi
2599 2960 2750 3025 scri-

1874 3065 2001 3130 ba?
2024 3065 2133 3130 ubi
2156 3065 2542 3147 conquisitor
2564 3066 2751 3132 huius

1874 3171 2108 3236 saeculi
2123 3173 2154 3234 ⁴?
2223 3172 2450 3235 Nonne
2487 3172 2750 3236 stultam

1876 3278 2020 3342 fecit
2125 3277 2282 3342 deus
2377 3278 2749 3360 sapientiam

1874 3384 2063 3449 huius
2145 3383 2410 3449 mundi?
2511 3384 2568 3424 ²¹
2582 3384 2750 3450 Nam

1876 3492 2183 3573 quoniam
2223 3491 2289 3554 in
2316 3490 2415 3555 dei
2440 3493 2752 3574 sapientia

1876 3614 2011 3660 non
2097 3598 2394 3677 cognouit
2466 3599 2747 3663 mundus

1879 3721 1992 3784 per
2080 3702 2455 3783 sapientiam
2538 3701 2751 3784 deum,

1879 3806 2118 3890 placuit
2146 3808 2265 3870 deo
2289 3827 2401 3891 per
2421 3807 2752 3874 stultitiam

1878 3913 2362 3996 praedicationis
2402 3915 2614 3979 saluos
2658 3915 2752 3981 fa-

1880 4038 2021 4084 cere
2062 4019 2407 4098 credentes,
2453 4020 2512 4060 2⁸
2526 4023 2752 4103 quoni-

1880 4145 1988 4190 am
2071 4125 2328 4207 quidem
2408 4129 2473 4189 et
2534 4126 2748 4191 Iudaei

1876 4233 2060 4313 signa
2079 4234 2306 4314 petunt
2327 4235 2390 4294 et
2405 4232 2625 4297 Graeci
2647 4254 2750 4298 sa-

1876 4338 2179 4420 pientiam
2204 4343 2540 4420 quaernnt,
2578 4339 2751 4404 83ῐιοε

1876 4447 2094 4509 autem
2118 4444 2556 4527 praedicamus
2570 4445 2751 4511 Chri-

1873 4554 2047 4615 stum
2072 4550 2461 4629 crucifixum‚
2504 4551 2750 4618 Iudaeis

1875 4657 2132 4737 quidem
2151 4657 2546 4734 scandalum,
2593 4679 2748 4740 gen-

2761 842 2857 911 74

865 4912 934 4967 A
1005 4912 1087 4965 13.
1122 4932 1243 4978 ημιν
1276 4910 1421 4965 fehlt
1454 4909 1574 4964 FG.
1644 4910 1726 4963 22.
1764 4931 1855 4961 του
1888 4929 2030 4970 noan.
2068 4930 2250 4961 veirtat-
2282 4909 2771 4968 200⁸D0EFGL.

867 4999 936 5052 ΙΙ
1011 4996 1059 5050 3.
1096 4999 1148 5051 εἰ
1183 5014 1338 5066 quem
1372 4997 1659 5066 baptizans·
1692 4995 1804 5065 (lg.
1877 4995 1926 5052 8.
1978 5012 2046 5051 ne
2086 5002 2382 5050 euacuetur
2416 4995 2603 5051 Sedul.
2646 5014 2730 5051 ne
2774 4998 2961 5053 inanis
2997 4997 3112 5067 fiat
3161 4995 3443 5066 cyprian„
3492 4995 3669 5051 Hilar.
3756 4997 3837 5051 10.
3892 4997 4110 5067 quidem
4156 4997 4300 5053 fehlt
4336 4999 4387 5054 d.
4464 5002 4545 5055 12.
4583 5003 4645 5056 id
4669 5012 4750 5060 ese

1004 5083 1161 5137 nobis
1196 5081 1338 5137 fehlt
1363 5081 1400 5136 «1
1416 5081 1448 5136 f
1465 5096 1510 5150 g
1537 5081 1695 5146 Iron„
1717 5080 1996 5151 Cypriam,
2015 5079 2208 5145 Hilar„
2231 5080 2589 5136 Ambrosiast.
2665 5082 2743 5137 19.
2781 5085 3123 5154 conquisitor
3153 5081 3303 5151 arg,
3341 5082 3687 5147 Floriacens„
3715 5082 3965 5147 Tertull„
3991 5082 4267 5153 Cypriam,
4289 5084 4486 5151 Hilar„
4514 5086 4753 5153 Paulin..

1003 5167 1275 5231 Ambros„
1327 5168 1486 5221 Auct.
1518 5184 1601 5237 ep.
1637 5167 1710 5221 ad
1744 5165 2110 5230 Demetriad.‚
2147 5165 2531 5229 Ambrosiam„
2571 5166 2782 5232 Sedul„
2822 5169 2986 5223 Beda..
3058 5168 3141 5222 22.
3173 5184 3304 5222 nam
3343 5170 3604 5237 quoniam
3640 5167 3906 5233 ambros„
3944 5167 4052 5223 Leo
4089 5168 4291 5239 Magn„
4327 5171 4491 5226 Auct.
4526 5174 4596 5227 de
4633 5191 4751 5230 voc.

999 5255 1169 5323 genta,
1209 5252 1590 5318 Ambrosiast„
1627 5252 1839 5318 Sedul„
1871 5249 2179 5306 Scholiasta
2213 5250 2391 5317 Hier„
2426 5253 2593 5307 Beda..
2663 5254 2924 5321 quoniam
2962 5251 3176 5323 quidem
3216 5251 3473 5322 Cyprian.
3489 5294 3501 5317 ,
3537 5251 3713 5306 Hilar.
3784 5252 3867 5306 28.
3905 5255 4166 5322 quoniam
4201 5255 4418 5324 quidem
4457 5256 4664 5313 Iudaei
4695 5260 4754 5314 (1.

863 5340 925 5396 0
1000 5338 1109 5392 *in
1145 5338 1260 5393 Ioh.
1296 5354 1494 5408 evang.
1532 5340 1583 5403 5,
1631 5339 1680 5393 7.
1734 5367 1792 5377 —-
1843 5337 1898 5368 *⁰
1913 5337 1984 5393 de
2031 5335 2242 5390 civitat..
2284 5336 2374 5391 dei
2412 5339 2494 5401 10,
2528 5336 2613 5389 28.
2664 5366 2730 5376 -
2776 5336 2861 5390 23.
2898 5338 3160 5407 quoniam
3195 5337 3262 5391 de
3300 5336 3532 5392 divinat.
3573 5338 3821 5392 daemon.
3864 5339 3944 5392 14.
3996 5368 4061 5378 —
4112 5338 4195 5392 29.
4230 5342 4493 5409 quoniam
4529 5344 4750 5412 quidem

1000 5425 1201 5479 Iudaei
1237 5423 1371 5478 ibid.

3274 1027 3349 1098 (3

3118 1162 3153 1201 *
3166 1161 3495 1244 Baptizaui
3530 1163 3751 1226 autem

2872 1271 2938 1331 et
2978 1267 3345 1349 Stephanae
3387 1266 3672 1332 domum.

3394 2643 3429 2682 *
3442 2644 3751 2708 ¹'Perdam

2873 2748 3247 2831 sapientiam
3275 2731 3654 2831 sapientium
3688 2752 3754 2813 et

2871 2854 3280 2937 prudentiam
3339 2855 3751 2938 prudentium

2872 2958 3249 3043 reprobabo.
3310 2961 3434 3026 Ubi
3459 2961 3750 3043 sapiens?

2871 3067 2983 3132 ubi
3056 3067 3307 3132 scriba?
3409 3067 3522 3131 ubi
3598 3085 3752 3131 con-

2873 3173 3134 3257 quisitor
3209 3173 3398 3238 huius
3473 3174 3705 3238 saeculi
3718 3176 3750 3236 ἰ’

2871 3279 3100 3345 Nonne
3127 3279 3392 3344 stultam
3420 3280 3565 3344 fecit
3595 3279 3753 3344 deus

2871 3385 3248 3470 sapientiam
3272 3386 3461 3451 huius
3480 3384 3750 3451 mundi?

2873 3493 3038 3557 Nam
3123 3493 3428 3575 quoniam
3509 3491 3578 3556 in
3649 3492 3754 3557 dei

2872 3599 3182 3681 sapientia
3225 3618 3359 3662 non
3433 3598 3749 3679 cognouit,

2874 3704 3155 3768 mundus
3210 3724 3324 3787 per
3374 3704 3751 3786 sapientiam

2874 3811 3070 3874 deum
3090 3858 3105 3888 ,
3170 3809 3406 3892 placuit
3461 3810 3582 3874 deo
3637 3829 3752 3893 per

2873 3916 3199 3980 stultitiam
3268 3916 3752 3998 praedicationis

2874 4022 3084 4087 saluos
3151 4023 3358 4086 facere
3402 4022 3748 4099 credenteS‚

2875 4130 3179 4210 quoniam
3222 4128 3480 4209 quidem
3537 4128 3752 4193 Iudaei

2874 4236 3054 4315 signa
3117 4237 3344 4316 petunt
3406 4237 3470 4297 et
3528 4233 3752 4299 Graeci

2873 4341 3249 4423 sapientiam
3273 4344 3612 4423 quaerunt,
3635 4360 3752 4404 nos

2874 4451 3091 4512 autem
3113 4446 3552 4529 praedicamus
3571 4445 3752 4511 Chri-

2874 4559 3047 4619 stum
3072 4552 3462 4629 crucifixum,
3505 4551 3751 4617 Iudaeis

2878 4660 3137 4743 quidem
3159 4656 3555 4735 scandalum,
3592 4677 3749 4740 gen-

3870 1158 4017 1222 sitis.
4091 1158 4144 1197 ¹⁶
4157 1156 4486 1240 Baptizaui
4525 1157 4748 1222 autem

3871 1266 3935 1328 et
3963 1262 4261 1327 Stefanae
4303 1262 4569 1326 domum
4586 1309 4603 1341 ‚
4643 1281 4752 1327 ce-

3872 1372 4084 1433 terum
4106 1368 4318 1433 nescio
4345 1367 4393 1430 si
4420 1387 4614 1448 quem
4631 1367 4750 1432 ali-

3869 1493 3983 1539 um
4015 1474 4486 1557 baptizauerim.
4533 1475 4585 1512 ¹⁷
4598 1473 4747 1539 Non

3870 1581 4043 1645 enim
4081 1580 4249 1644 misit
4308 1599 4411 1644 me
4462 1578 4750 1645 Christus

3869 1687 4189 1769 baptizare
4252 1686 4364 1749 sed
4432 1686 4756 1767 euangeli-

3869 1813 4043 1871 zare,
4114 1811 4248 1857 non
4314 1792 4382 1855 in
4440 1794 4754 1875 sapientia

3870 1899 4077 1977 uerbi,
4116 1901 4191 1963 ut
4232 1917 4363 1962 non
4406 1903 4754 1965 euacuetur

3872 2023 4029 2068 crux
4072 2003 4319 2068 Christi.
4392 2005 4444 2043 ¹⁸
4463 2005 4756 2071 Uerbum

3871 2111 4043 2174 enim
4098 2111 4298 2174 crucis
4340 2112 4751 2193 pereuntibus

3871 2215 4134 2297 quidem
4176 2216 4439 2281 stultitia
4482 2221 4594 2296 est,
4651 2218 4754 2282 his

3872 2325 4093 2386 autem
4128 2322 4238 2402 qui
4270 2321 4429 2386 salui
4458 2323 4642 2402 fiunt,
4685 2324 4756 2388 id

3872 2431 3968 2491 ost
4005 2426 4208 2505 nobiS‚
4250 2428 4453 2492 uirtus
4491 2428 4590 2494 dei
4635 2433 4752 2494 est.

3881 2533 3934 2571 ¹⁹
3948 2533 4267 2616 Scriptum
4368 2538 4463 2599 aet
4548 2536 4752 2600 enim:

3871 2639 4138 2723 perdam
4172 2640 4548 2723 sapientiam
4584 2644 4757 2726 sapi-

3873 2746 4118 2810 entium
4199 2749 4264 2811 et
4342 2748 4754 2829 prudentiam

3872 2851 4281 2934 prudentium
4375 2855 4756 2936 reprobabo,

3877 2953 3936 2996 2⁰
3948 2957 4073 3021 Ubi
4107 2958 4399 3040 sapiens?
4453 2959 4564 3023 ubi
4602 2963 4756 3025 scri-

3872 3063 3959 3127 ba
3973 3065 4003 3127 P
4045 3063 4156 3129 ubi
4198 3065 4528 3146 inquisitor
4563 3067 4755 3134 huius

3871 3169 4149 3234 saeculi?
4215 3170 4443 3236 Nonne
4485 3173 4752 3240 stultam

3873 3276 4020 3340 fecit
4115 3276 4272 3342 deus
4315 3264 4319 3268 ⁴
4373 3277 4750 3361 sapientiam

3872 3382 4062 3447 huius
4147 3382 4373 3447 mundi
4389 3387 4421 3448 Ρ
4519 3385 4752 3453 ⁸¹Nam

3874 3490 4026 3573 quia
4090 3488 4158 3553 in
4218 3489 4321 3554 dei
4370 3493 4744 3574 sapientiam

3873 3615 4007 3661 non
4026 3596 4324 3676 cognouit
4341 3598 4629 3664 mundus
4641 3619 4748 3682 per

3871 3702 4252 3785 sapientiam
4272 3702 4486 3781 deum,
4518 3705 4740 3787 placuit

3875 3806 3997 3871 deo
4036 3828 4151 3890 per
4197 3809 4528 3874 stultitiam
4571 3832 4746 3894 prae·

3873 3914 4200 3978 dicationis
4272 3916 4483 3981 saluos
4547 3919 4750 3982 facere

3873 4021 4222 4099 credenteS‚
4270 4022 4326 4060 ²2
4340 4024 4646 4104 quoniam
4687 4028 4749 4088 et

3873 4126 4092 4192 Iudaei
4149 4128 4329 4208 signa
4392 4133 4619 4212 petunt
4687 4136 4750 4195 et

3875 4232 4098 4297 Graeci
4137 4233 4516 4315 sapientiam
4554 4255 4746 4318 quae-

3873 4343 4042 4416 runt,
4091 4339 4148 4378 ⁸⁸
4165 4357 4282 4402 nos
4311 4345 4529 4405 autem
4568 4362 4746 4424 prae-

3874 4445 4158 4509 dicamus
4186 4443 4508 4511 Christum
4552 4451 4747 4513 cruci-

3873 4550 4101 4629 fixum,
4174 4551 4416 4617 Iudaeis
4485 4555 4742 4636 quidem

3871 4656 4264 4736 scandalum,
4309 4660 4600 4741 gentibus
4633 4680 4748 4727 au-

860 5512 931 5565 ΙΙ
1007 5511 1051 5563 l.
1088 5512 1219 5566 estis
1253 5510 1319 5565 fu
1353 5525 1451 5579 vg.
1520 5511 1570 5564 4.
1607 5509 2007 5580 baptizant-im
2040 5508 2215 5563 alium
2248 5506 2332 5561 fu.
2404 5507 2483 5561 19.
2523 5507 2866 5577 conquisitor
2903 5504 2970 5559 fn
3006 5520 3114 5575 vg:
3172 5507 3256 5562 23.
3290 5509 3572 5578 sapientia
3605 5507 3672 5565 fn
3704 5522 3805 5577 vg.
3876 5508 3961 5562 28.
3998 5512 4257 5579 quoniam
4292 5510 4496 5566 Iudaei
4531 5510 4613 5567 fu.

2542 5611 2570 5665 1
2608 5610 2727 5666 Cor.
2769 5613 2814 5675 1,
2848 5609 3066 5665 16-23.
