5117 6800
1328 1017 1421 1088 A

938 1153 1101 1236 μελη
1143 1173 1233 1234 μη
1271 1172 1518 1232 γενοιτο
1567 1151 1669 1232 ¹⁶⁷2
1700 1171 1816 1212 ουκ

941 1258 1163 1323 cidare
1202 1279 1302 1320 οτι
1342 1280 1378 1318 ο
1407 1257 1817 1338 κολλωμενοσ

939 1389 1019 1449 τη
1062 1387 1271 1448 πορνη
1314 1386 1385 1426 εν
1410 1380 1605 1444 σωμα
1636 1379 1819 1428 εστιν

943 1488 1207 1537 saonae
1289 1492 1410 1551 γαρ
1487 1485 1687 1552 φησιν
1763 1488 1822 1530 οι

891 1574 1064 1641 Βδυο
1104 1559 1206 1640 eto
1246 1591 1461 1657 σαρκα
1503 1598 1662 1657 μιαν
1717 1577 1822 1638 ¹⁷0

945 1685 1020 1747 δε
1097 1683 1511 1763 κολλωμενοσ
1579 1705 1671 1743 τω
1733 1703 1823 1743 κω

948 1813 1021 1851 εν
1065 1810 1329 1869 πνευμα
1370 1804 1551 1852 εστιν
1602 1789 1823 1871 18φευ-

944 1918 1090 1977 γετε
1146 1917 1265 1976 την
1323 1916 1633 1976 noevum*
1683 1917 1823 1956 παν

948 2022 1304 2083 αμαρτημα
1346 2023 1381 2063 ο
1422 2023 1540 2063 sav
1578 2014 1821 2083 ποιηση

863 2115 932 2169 10
948 2094 1319 2187 maffeiano&
1415 2124 1609 2171 εκτοσ
1706 2128 1824 2168 του

948 2229 1261 2294 σωματοσ
1357 2228 1538 2276 εστιν
1619 2235 1654 2275 ο
1702 2210 1823 2273 ·δε

947 2341 1286 2402 πορνευων
1356 2336 1456 2382 εισ
1511 2342 1588 2382 το
1662 2318 1826 2382 adom·

948 2441 1142 2506 σωμα
1215 2446 1577 2505 αμαρτανει
1705 2426 1758 2463 ¹⁹
1784 2447 1825 2506 η

951 2552 1064 2595 ουκ
1108 2530 1330 2594 ordene
1366 2551 1465 2592 οτι
1513 2552 1589 2592 το
1631 2546 1829 2611 σωμα

865 2652 932 2707 15
950 2657 1132 2718 υμων
1171 2652 1338 2700 ναοο·
1380 2657 1496 2698 του
1550 2659 1623 2698 ει·
1675 2659 1827 2718 υμιν

949 2758 1337 2824 πνευματοσ
1409 2764 1591 2823 αγιου
1646 2760 1826 2807 εστιν

948 2872 1024 2912 ον
1060 2871 1243 2929 εχετε
1265 2871 1403 2911 omo
1424 2852 1520 2910 θυ
1560 2873 1669 2911 και
1711 2872 1824 2913 ουκ

944 2971 1101 3020 eote
1175 2977 1427 3018 εαυτων
1523 2956 1581 2994 ²⁰
1604 2978 1826 3038 ηγορα-

947 3066 1165 3146 &fimo
1204 3084 1324 3143 γαρ
1363 3079 1599 3145 τειμησ
1634 3061 1825 3138 δοξα-

862 3180 1113 3235 Ἇοσατε
1177 3168 1259 3250 δη
1305 3189 1420 3230 τοι·
1470 3172 1567 3231 ὃν
1608 3191 1680 3230 εν
1732 3191 1824 3230 τω

949 3291 1207 3354 σωματι
1245 3295 1428 3354 υμων
1475 3274 1602 3337 VH.
1636 3275 1827 3356 1περι

949 3379 1025 3443 δε
1085 3403 1174 3442 ων
1236 3391 1571 3469 εγραψατε
1627 3380 1827 3444 ’calm‘

950 3490 1291 3565 ανθρωπω
1368 3503 1674 3565 rvr-amoc
1736 3507 1826 3569 μη

950 3596 1295 3656 annectas

866 3698 1108 3761 25²‹52a
1178 3697 1255 3759 δε
1316 3713 1448 3760 ‘cao
1512 3712 1829 3777 πορνειασ

1947 1151 2288 1217 meretricis
2302 1153 2333 1213 P
2369 1150 2573 1215 Absit.
2634 1151 2686 1190 ¹⁶
2702 1151 2829 1214 Ne-

1947 1258 2114 1324 scitis
2177 1258 2327 1340 quia
2401 1257 2511 1340 qui
2563 1256 2831 1321 adheret

1950 1364 2263 1428 meretrici
2336 1382 2539 1427 unum
2604 1382 2830 1445 corpus

1952 1474 2048 1535 est
2064 1472 2095 1533 ⁶?
2151 1468 2354 1534 Erunt
2378 1471 2572 1546 enim,
2605 1470 2830 1551 iuquit,

1955 1576 2082 1640 duo
2104 1575 2171 1638 in
2208 1594 2403 1639 carna
2434 1593 2585 1639 una.
2649 1574 2832 1653 1'‘Qui

1954 1685 2175 1747 autem
2228 1681 2493 1745 adheret
2534 1681 2795 1745 domino
2816 1730 2831 1761 ,

1954 1806 2120 1852 unus
2133 1786 2386 1869 spiritus
2405 1791 2518 1851 aet.
2559 1786 2833 1868 ¹⁸Fugite

1953 1894 2430 1958 fornicationem
2455 1914 2471 1966 3
2644 1911 2834 1957 omne

1952 2002 2287 2081 peccatum
2381 1999 2833 2081 quodcumque

1955 2105 2169 2170 fecerit
2226 2106 2423 2169 homo
2469 2109 2653 2170 extra
2695 2125 2833 2169 cor-

1955 2230 2073 2293 pus
2119 2215 2247 2287 oet3
2292 2212 2402 2293 qui
2444 2214 2666 2275 autem
2707 2211 2834 2276 for-

1954 2316 2206 2380 nicatur
2272 2316 2339 2381 in
2392 2335 2621 2399 corpus
2687 2337 2833 2401 pro·

1955 2423 2167 2503 prium
2275 2427 2515 2504 peccat.
2646 2423 2699 2461 ¹⁹
2727 2423 2835 2487 An

1957 2529 2204 2592 naecitis
2245 2529 2397 2610 quia
2455 2548 2681 2611 corpus
2723 2548 2836 2592 ue-

1956 2638 2159 2698 strum
2202 2634 2512 2716 templum
2553 2638 2619 2698 in
2653 2636 2834 2700 uobis

1956 2740 2208 2823 spiritus
2256 2742 2458 2806 sancti
2499 2745 2595 2805 est
2640 2760 2835 2823 quern

1956 2846 2207 2910 habetis
2270 2865 2312 2911 a
2388 2847 2509 2911 deo
2571 2851 2635 2912 et
2701 2867 2835 2911 non

1955 2954 2101 3018 estis
2177 2954 2377 3018 uestri
2395 2955 2426 3015 P
2553 2953 2612 2991 ²⁰
2623 2953 2835 3036 Empti

1955 3061 2126 3124 enim
2170 3059 2315 3122 estis
2341 3060 2540 3142 pretio
2563 3079 2832 3141 magn03

1954 3165 2297 3248 glorificate
2336 3185 2486 3248 ergo
2529 3167 2724 3231 deum
2767 3167 2834 3229 in

1956 3290 2217 3354 corpore
2255 3274 2488 3337 uestro.
2548 3271 2673 3335 VII.
2705 3271 2835 3336 ¹De

1955 3378 2054 3442 his
2123 3379 2345 3443 autem
2408 3397 2576 3461 quae
2638 3379 2834 3444 scrib-

1955 3486 2137 3562 sistiS‚
2180 3485 2420 3549 bonum
2447 3488 2543 3549 est
2584 3486 2832 3551 homini

1956 3591 2288 3655 mulierem
2341 3610 2474 3654 non
2535 3595 2832 3673 tangere3

1962 3697 1989 3734 ⁹
2019 3700 2277 3779 propter
2385 3697 2836 3762 fornicationes

2842 832 2934 901 82

3350 1016 3424 1087 (3

2951 1151 3335 1216 meretricis?
3351 1152 3554 1216 Absit.
3588 1152 3694 1216 An
3711 1171 3826 1217 ne-

2952 1257 3120 1322 scitis
3171 1260 3322 1339 quia
3368 1259 3478 1341 qui
3520 1258 3828 1323 adhaeret

2952 1364 3264 1432 meretrici
3355 1383 3558 1429 unum
3602 1383 3829 1446 corpus

2954 1473 3093 1534 est?
3131 1469 3335 1534 Erunt
3364 1471 3556 1548 enirn,
3605 1471 3827 1553 inquit,

2955 1577 3085 1641 duo
3128 1578 3192 1640 in
3242 1595 3430 1640 carne
3474 1595 3623 1640 una.
3708 1575 3829 1653 Qui

2955 1686 3172 1746 autem
3203 1682 3511 1747 adhaeret
3550 1681 3830 1758 domino,

2953 1807 3121 1852 unus
3160 1789 3414 1870 spiritus
3441 1798 3553 1852 est.
3611 1787 3833 1869 Fugite

2955 1894 3435 1958 fornicationem
3456 1918 3472 1969 ;
3641 1912 3833 1957 omne

2952 2004 3287 2083 peccatum
3385 2001 3834 2082 quodcumque

2955 2106 3169 2170 fecerit
3207 2106 3402 2171 homo
3457 2112 3638 2173 extra
3697 2125 3833 2170 cor-

2957 2232 3076 2294 pus
3115 2217 3234 2288 oet3
3293 2215 3402 2295 qui
3445 2217 3664 2278 autem
3707 2212 3833 2276 for-

2957 2319 3207 2383 nicatur
3261 2320 3327 2382 in
3400 2337 3629 2401 corpus
3685 2337 3833 2400 pro-

2955 2424 3166 2505 prium
3302 2429 3540 2508 peccat.
3726 2424 3832 2488 An

2958 2531 3204 2595 nescitis
3244 2533 3395 2613 quia
3451 2550 3678 2613 corpus
3720 2549 3833 2594 ue-

2955 2640 3160 2700 strum
3202 2638 3515 2720 templum
3546 2637 3612 2700 in
3654 2636 3835 2701 uobis

2956 2743 3208 2824 spiritus
3248 2745 3449 2807 sancti
3494 2747 3589 2806 est
3640 2762 3833 2825 quem

2957 2849 3204 2913 habetis
3275 2868 3314 2912 a
3389 2849 3511 2913 deo
3576 2853 3638 2912 et
3700 2867 3833 2913 non

2957 2956 3103 3019 estis
3135 2956 3330 3019 uaetri
3343 2957 3374 3017 Ρ
3417 2954 3453 2993 *
3466 2954 3632 3019 Emti
3661 2957 3833 3019 enim

2957 3062 3102 3125 estis
3126 3061 3326 3144 pretio
3339 3079 3607 3142 magum
3644 3060 3832 3143 glori-

2957 3167 3144 3232 ficate
3171 3186 3321 3248 ergo
3363 3166 3560 3231 deum
3585 3168 3653 3231 in
3695 3186 3832 3234 cor·

2957 3293 3110 3356 pore
3151 3277 3382 3338 uestm.

3073 3487 3109 3525 *
3130 3487 3155 3525 ²
3170 3486 3424 3551 Bonum
3465 3489 3560 3549 est
3590 3485 3833 3550 homini

2956 3592 3284 3657 mulierem
3349 3611 3483 3656 non
3542 3596 3830 3672 tangere;

2956 3702 3212 3781 propter
3393 3698 3833 3763 fornicationes

3964 1152 4302 1215 meretricis
4315 1154 4344 1214 ⁴?
4392 1152 4571 1216 Absit.
4635 1155 4763 1221 ¹⁶An

3964 1258 4214 1322 nescitis
4254 1258 4538 1339 quoniam
4564 1260 4655 1341 qui
4676 1261 4760 1324 ad-

3963 1363 4143 1427 heret
4163 1364 4650 1429 meretriciunum
4661 1385 4762 1429 cor-

3963 1489 4084 1552 pus
4101 1468 4402 1533 efficitur?
4425 1468 4608 1534 Erunt
4621 1471 4768 1550 enim,

3965 1575 4207 1658 inquid,
4234 1575 4361 1639 duo
4381 1575 4444 1638 in
4465 1594 4632 1639 carne
4653 1596 4764 1641 una.

3975 1681 4027 1718 ¹⁷
4040 1678 4162 1758 Qui
4197 1684 4411 1744 autem
4433 1676 4666 1744 adheret
4685 1683 4765 1744 do-

3965 1788 4143 1851 mino
4160 1835 4176 1864 ‚
4229 1805 4396 1851 unus
4432 1787 4655 1869 spiritus
4685 1793 4763 1851 est

3976 1893 4027 1931 ¹⁸
4049 1892 4275 1975 Fugite
4335 1892 4764 1969 fornicationem

3965 2018 4158 2064 omne
4247 2000 4416 2063 enim
4504 2003 4763 2081 peccatum

3966 2106 4418 2188 quodcumque
4426 2105 4620 2169 fecerit
4629 2105 4762 2168 homo

3967 2215 4144 2275 extra
4214 2231 4442 2295 corpus
4518 2215 4631 2285 θεὶς
4693 2211 4760 2292 qui

3966 2322 4184 2382 autem
4222 2318 4563 2382 fornicatur
4590 2318 4645 2380 in
4675 2335 4757 2380 eor·

3967 2444 4085 2506 pus
4123 2443 4315 2489 suum
4355 2427 4587 2505 peccat.
4654 2422 4753 2485 ¹’An

3964 2530 4216 2594 nescitis
4238 2530 4540 2612 quoniam
4553 2528 4738 2592 memha

3965 2640 4177 2700 uestra
4304 2635 4608 2717 templum
4703 2636 4746 2695 d

3963 2744 4219 2824 spiritus
4284 2743 4512 2818 sancti,
4595 2740 4683 2822 qui
4721 2737 4756 2799 in

3965 2847 4147 2912 uobis
4188 2852 4315 2926 est,
4361 2866 4552 2930 quem
4591 2844 4761 2909 habetis

3964 2974 4006 3019 a
4022 2955 4144 3019 deo
4174 2958 4243 3019 et
4269 2973 4404 3019 non
4429 2954 4571 3018 estis
4600 2948 4761 3015 uestri?

3969 3060 4241 3143 ²⁰Empti
4256 3060 4431 3125 enim
4444 3056 4767 3141 estispraetio
4887 3125 4888 3140 χ

3963 3185 4229 3249 magum
4250 3165 4588 3249 glorificate
4604 3168 4658 3228 et
4672 3179 4769 3245 por-

3963 3276 4094 3337 tate
4174 3272 4377 3338 deum
4450 3274 4512 3337 in
4578 3284 4770 3350 corpore
4887 3271 4888 3276 ’

3963 3381 4194 3444 uestro
4286 3379 4413 3445 VII.
4450 3378 4572 3445 ¹De
4606 3374 4775 3461 quibus

3963 3489 4182 3550 autem
4209 3488 4555 3570 scripsistis
4592 3485 4775 3548 honum

3964 3596 4059 3655 aet
4084 3592 4334 3657 homini
4362 3592 4669 3657 mulierem
4685 3603 4777 3651 non

3964 3702 4258 3780 tangere;
4279 3699 4558 3781 ²propter
4570 3694 4778 3761 somina-

949 3880 1018 3936 Α
1094 3879 1173 3932 14.
1214 3898 1268 3929 ω
1306 3897 1450 3934 ma
1484 3856 2046 3930 *sitammam
2083 3898 2148 3928 m
2184 3896 2397 3937 σωμαω
2435 3875 2583 3930 ΑἾ..
2662 3876 2742 3930 19.
2780 3878 3016 3935 σοεασαι.
3053 3879 3118 3945 οη
3153 3875 3705 3933 »Acumen
3740 3877 3861 3947 (aa)
3896 3877 3940 3930 P
3978 3878 4043 3946 «πη
4080 3877 4225 3931 fehlt
4261 3879 4343 3928 Σ*
4379 3877 4551 3946 Orig.;
4601 3873 4778 3942 cmm

1088 3966 1299 4018 atomus
1334 3962 1436 4016 hat
1470 3963 1613 4017 nach
1647 3961 1867 4032 einigen
1906 3962 2330 4017 Handschriften
2364 3962 2485 4016 hier
2521 3964 2587 4031 δη
2622 3984 2723 4031 αρα
2758 3963 2901 4018 nach
2937 3964 3179 4019 anderen
3218 3966 3282 4032 δη
3316 3985 3473 4035 apem
3518 3963 3630 4016 und
3669 3962 3744 4015 im
3781 3963 3898 4017 cod.
3941 3962 4135 4031 Mosq.:
4190 3966 4440 4021 δοεαοατε
4478 3965 4541 4029 δη
4575 3982 4652 4013 τοι
4695 3962 4782 4009 ow

1090 4069 1354 4101 τουτεοτιν
1390 4069 1547 4120 apuu
1586 4068 1672 4100 τον
1708 4052 1846 4102 θεον.
1919 4048 2001 4102 25.
2040 4069 2134 4115 την
2171 4032 2385 4115 hroymar
2424 4049 2467 4102 F
2478 4049 2525 4103 G
2557 4049 2706 4120 Orig-

948 4139 1018 4192 Β
1091 4136 1139 4189 2.
1177 4137 1311 4205 quia
1347 4133 1429 4189 dr
1459 4133 1739 4204 Cypriam.¹
1792 4132 2009 4188 Lucifer
2045 4133 2189 4197 Cal.‚
2241 4134 2486 4199 Hieron„
2534 4134 2895 4190 Ambrosiast.
2983 4138 3034 4190 3.
3081 4153 3249 4191 unum
3297 4152 3499 4205 corpus
3535 4143 3616 4190 est
3649 4134 3807 4203 dfg,
3849 4134 4069 4189 Lucifer
4106 4135 4254 4202 Cal„
4295 4138 4537 4203 Hieron„
4573 4135 4782 4191 Ambroa,

1085 4220 1253 4292 vigil.
1287 4237 1458 4275 unum
1493 4236 1697 4289 corpus
1733 4227 1861 4275 sunt
1897 4220 2155 4290 Cypriam.
2234 4220 2283 4274 8.
2331 4221 2470 4275 enim
2502 4221 2645 4275 fehlt
2682 4220 2829 4290 dfg.
2921 4223 2999 4275 14.
3035 4224 3169 4291 quia
3203 4237 3405 4291 corpus
3444 4229 3683 4276 uestrum
3715 4220 3850 4289 drg-
3900 4224 4035 4290 quia
4079 4238 4330 4292 corpora
4366 4232 4551 4279 uestra
4593 4221 4783 4276 Hieron,

1085 4306 1273 4380 vigil„
1303 4306 1660 4361 Ambrosiast.
1736 4307 1815 4359 15.
1854 4309 2109 4376 templum
2135 4308 2196 4360 in
2224 4306 2384 4361 uobis
2405 4313 2484 4361 est
2519 4323 2603 4376 sp.
2628 4325 2671 4361 8.
2710 4309 2824 4362 und
2863 4309 3120 4377 templum
3153 4313 3282 4362 sunt
3316 4310 3375 4361 in
3411 4309 3568 4362 uobis
3592 4325 3676 4377 sp.
3709 4325 3752 4362 8.
3788 4306 3958 4377 Vigil.
4034 4308 4112 4362 19.
4151 4309 4249 4363 PR
4283 4312 4293 4377 Ι
4324 4310 4445 4366 ΤΙΟ
4481 4310 4553 4364 iet
4587 4303 4782 4362 offeubas

1085 4413 1192 4450 von
1242 4396 1489 4464 spiiterer
1521 4393 1683 4447 Hand
1722 4409 1814 4446 am
1852 4392 2046 4447 Raude
2089 4391 2408 4463 beigesetzt.
2480 4392 2970 4448 Beachtenswerth
3007 4393 3080 4447 iet
3096 4435 3108 4456 ‚
3159 4395 3284 4447 dass
3328 4396 3514 4464 pretio
3562 4393 3706 4446 auch
3753 4392 3843 4447 bei
3877 4392 4111 4448 Tertull.
4156 4394 4225 4450 de
4278 4396 4508 4465 pudicit.
4543 4414 4593 4465 p.
4628 4386 4784 4447 100211,

1085 4481 1251 4535 sowie
1272 4482 1342 4535 de
1381 4497 1487 4534 cor.
1526 4478 1642 4532 mil.
1693 4496 1743 4548 p.
1782 4477 1938 4532 2931>
1985 4479 2100 4531 u'nd
2136 4477 2213 4531 im
2250 4479 2366 4532 cod.
2406 4478 2538 4549 Reg.
2581 4479 2676 4533 des
2714 4479 2892 4533 Hilar.
2927 4495 2997 4532 zu
3030 4479 3214 4533 Pmlm
3258 4480 3370 4544 135,
3407 4479 3509 4533 col.
3545 4478 3702 4532 4891)
3736 4477 3894 4532 fehlt.
3968 4479 4232 4550 Dagegeu
4273 4482 4422 4537 fehlt
4456 4498 4641 4551 nmque
4673 4473 4786 4540 dfe,

1081 4566 1314 4622 Tertull.
1349 4566 1418 4620 de
1454 4564 1683 4636 pudicit.
1719 4581 1772 4633 p.
1802 4564 1938 4618 1009
1953 4563 2002 4617 b.
2069 4564 2152 4617 20.
2190 4564 2495 4634 ylortficate
2530 4567 2706 4635 igitur
2741 4565 2899 4619 deum
2938 4565 3080 4619 ohne
3110 4572 3333 4634 portate
3355 4564 3724 4634 Epiphanius;
3758 4564 4067 4634 yzorzflcate
4104 4564 4266 4621 deum
4303 4568 4339 4623 «l
4377 4569 4546 4631 Iren.;
4581 4567 4787 4634 dagegell

1081 4654 1232 4708 steht
1269 4660 1322 4708 et
1346 4658 1569 4722 portate
1605 4649 1635 4704 f
1660 4664 1704 4719 g·
1738 4648 2024 4719 Cypriam,
2074 4648 2290 4704 Lucifer
2324 4650 2440 4704 Cal.
2478 4668 2532 4703 u.
2568 4667 2617 4703 a..
2657 4658 2710 4705 et
2745 4652 2917 4706 tollite
2963 4650 3196 4705 Tei-tull.
3264 4652 3349 4705 21.
3397 4651 3464 4704 de
3516 4653 3605 4706 his
3655 4659 3837 4705 autem
3889 4667 4032 4719 quae
4069 4651 4324 4720 TertulL,
4380 4654 4597 4708 Hieron.
4642 4649 4699 4704 de
4735 4645 4789 4699 εἶθ

1080 4746 1263 4794 autem
1316 4754 1457 4806 quae
1494 4735 1856 4790 Ambrosiast.
1927 4737 2450 4805 25aefornicationes
2485 4735 2521 4789 (1
2557 4736 2806 4801 Tertull„
2837 4736 3059 4792 Hieron.

947 4825 1006 4882 ὓ
1087 4823 1168 4877 12.
1200 4824 1495 4893 proprium
1532 4821 1591 4874 in
1624 4819 1851 4875 Levitic.
1887 4823 2100 4889 quaest.
2138 4821 2186 4874 8.
2238 4850 2304 4859 -
2358 4821 2436 4874 14.
2485 4836 2689 4889 corpus
2736 4828 2979 4877 uestrum
3033 4826 3292 4894 templum
3338 4826 3397 4878 in
3447 4825 3604 4879 uobis
3649 4826 3886 4893 spiritus
3926 4827 4107 4879 sancti
4157 4838 4237 4878 eet
4279 4825 4351 4879 de
4392 4824 4532 4880 bono
4570 4813 4788 4875 viduit-8

1082 4924 1322 4978 corpora
1356 4914 1543 4963 uestra
1582 4908 1839 4977 templum
1863 4908 1924 4961 in
1955 4908 2114 4961 uobis
2146 4908 2382 4976 spiritus
2417 4908 2596 4961 sancti
2633 4914 2715 4961 est
2741 4908 2810 4960 de
2851 4908 3063 4978 nuptiis
3093 4913 3153 4964 et
3187 4926 3413 4981 concup.
3453 4912 3499 4972 1,
3537 4911 3605 4963 20
3643 4911 3862 4965 nescitis
3897 4911 4034 4979 quia
4067 4926 4316 4981 corpora
4353 4917 4542 4966 uestra
4575 4904 4787 4973 templum

1078 4996 1138 5049 in
1172 4995 1330 5048 uobis
1365 5000 1446 5049 est
1482 4995 1719 5063 spiritus
1752 4995 1934 5048 sancti
1968 4993 2035 5047 de
2072 4992 2314 5063 Symbol.
2354 4993 2419 5047 13
2455 4991 2618 5061 epist.
2658 4992 2776 5056 238,
2817 4992 2880 5047 21
2927 4994 2996 5048 de
3034 4994 3273 5050 trinitat.
3315 4998 3360 5059 1,
3401 4997 3464 5050 13
3499 4996 3614 5050 und
3652 4997 3701 5060 7,
3738 4996 3770 5049 6
3818 4997 4040 5051 nescitis
4077 4999 4341 5065 quoniam
4376 5010 4612 5066 corpora
4641 4994 4789 5044 mm

1081 5080 1338 5149 templum
1372 5082 1430 5133 in
1464 5081 1624 5134 uobis
1658 5081 1896 5150 spirituc
1930 5081 2111 5134 sancti
2144 5086 2225 5134 eet
2259 5079 2415 5148 epist.
2453 5078 2567 5141 187,
2607 5079 2669 5132 15
2708 5081 2927 5135 nescitis
2963 5084 3097 5149 quia
3131 5097 3374 5152 corpora
3405 5091 3593 5137 uestra
3631 5082 3890 5151 templum
3927 5088 4057 5136 eunt
4091 5084 4152 5137 in
4186 5085 4349 5139 uobis
4384 5084 4616 5153 spirim
4647 5070 4790 5131 sancti

1081 5164 1238 5236 epist.
1281 5166 1395 5228 170,
1433 5165 1467 5218 2
1497 5166 1718 5221 nescitis
1754 5168 1889 5235 quia
1924 5182 2164 5235 corpora
2198 5172 2388 5221 uestm
2425 5165 2683 5234 templum
2725 5172 2804 5219 est
2839 5167 3075 5235 spiritua
3110 5170 3290 5223 sancti
3325 5171 3421 5238 qui
3467 5169 3527 5222 in
3563 5169 3722 5222 uobis
3757 5174 3840 5223 eet
3872 5166 4151 5222 Enchirid.
4191 5170 4272 5223 15.
4311 5199 4378 5209 -
4431 5169 4460 5200 *
4494 5168 4562 5222 de
4591 5159 4789 5218 trinitat·

1081 5253 1130 5316 7,
1169 5253 1218 5306 6.
1254 5280 1319 5290 --
1361 5250 1443 5306 19.
1478 5266 1675 5321 magma
1709 5250 1853 5305 fehlt
1891 5249 1952 5304 in
1988 5249 2154 5322 einig.
2186 5250 2462 5305 Handsch.
2500 5279 2567 5291 ——
2602 5251 2686 5303 20.
2722 5251 3030 5320 glorificate
3066 5269 3193 5323 erqo
3230 5255 3389 5309 deum
3420 5254 3580 5323 epist.
3621 5252 3740 5317 238,
3772 5253 3837 5306 21
3878 5252 3947 5308 de
3983 5252 4224 5308 trinitat.
4251 5255 4299 5319 1,
4328 5254 4396 5308 13
4432 5254 4502 5308 de
4538 5246 4723 5319 nuptiis
4750 5240 4790 5295 et

1076 5354 1302 5408 concup.
1345 5339 1387 5402 1,
1426 5337 1510 5391 20.
1596 5337 1685 5391 An
1721 5336 1871 5392 allen
1916 5335 2099 5391 diesen
2140 5337 2349 5392 Stellen
2391 5341 2582 5392 eetzen
2629 5335 2720 5390 die
2769 5336 3063 5405 Ausgaben
3114 5356 3295 5410 gegen
3348 5339 3439 5395 die
3485 5338 3975 5394 handschriftliehe
4014 5338 4475 5410 Ueberlieferung
4522 5344 4574 5393 et
4612 5333 4792 5406 porta&

1074 5423 1259 5478 hinzu.
1325 5423 1633 5493 ylonflcate
1678 5424 1837 5478 deum
1884 5430 1937 5478 et
1982 5430 2205 5493 portate
2264 5422 2425 5493 epist.
2482 5424 2596 5487 170,
2634 5422 2668 5475 2
2714 5421 3021 5492 ρῐονιζίίσαεε
3068 5432 3122 5478 et
3163 5433 3389 5495 portate
3440 5426 3599 5480 deam
3645 5442 3804 5480 serm.
3859 5425 3973 5489 162,
4017 5427 4061 5479 1.
4100 5454 4166 5465 —-
4218 5425 4284 5456 *¹
4320 5426 4482 5495 epist.
4531 5424 4641 5487 262,
4673 5420 4713 5472 2·
4740 5441 4789 5455 *-

1075 5510 1160 5564 25.
1190 5510 1595 5577 fornicationes
1629 5509 1700 5563 de
1738 5507 1949 5578 nuptiis
1987 5512 2047 5564 et
2074 5527 2303 5580 concup.
2343 5511 2387 5575 1,
2429 5511 2509 5564 18.

938 5600 1006 5654 1)
1076 5600 1126 5650 4.
1165 5597 1306 5650 enim
1341 5594 1486 5648 fehlt
1523 5594 1605 5648 fu.
1679 5594 1728 5650 9.
1766 5598 1907 5650 enim
1940 5595 2082 5651 fehlt
2117 5596 2182 5650 fu
2217 5611 2316 5664 vg.
2391 5595 2471 5650 18.
2510 5610 2547 5650 a
2584 5595 2805 5653 domino
2840 5597 2923 5653 fu.
2996 5600 3079 5652 21.
3116 5597 3396 5652 dominum
3431 5593 3515 5649 fu.

2461 5700 2489 5754 1
2528 5698 2648 5754 Cor.
2685 5700 2735 5766 6,
2776 5701 2993 5754 16—20.
3066 5702 3115 5765 7,
3158 5700 3303 5753 1-2,
