5117 6800
1169 1103 1263 1173 A

788 1238 840 1279 ¹⁰⁸
854 1261 930 1302 το
955 1261 1075 1319 γαρ
1103 1258 1474 1318 παραυτικα
1512 1236 1653 1299 ελα-

781 1367 946 1427 φρον
986 1366 1109 1428 τησ
1140 1343 1484 1431 θλειψεωσ
1515 1345 1656 1404 καθ

779 1451 1148 1533 υπερβολην
1174 1472 1271 1514 aa
1288 1448 1657 1530 υπερβολην

780 1579 1040 1620 αιωνιον
1138 1560 1351 1638 βαροσ
1451 1555 1655 1637 δοξησ

729 1665 764 1720 5
782 1667 1234 1745 κατεργαζεται
1265 1684 1420 1746 ημιν

789 1874 941 1957 18μη
1003 1891 1428 1938 σκοπουντων
1474 1894 1657 1954 ημων

779 2002 866 2042 τα
919 1980 1301 2060 βλεπομενα
1354 1978 1521 2041 αλλα
1572 1999 1657 2038 τα

780 2109 870 2169 μη
943 2086 1322 2167 ,dienen-sau
1379 2107 1462 2146 τα
1537 2105 1655 2165 γαρ

697 2201 763 2254 10
779 2192 1161 2274 βλεπομετττ
1181 2208 1548 2271 προσκαιρα
1571 2213 1656 2251 τα

782 2300 858 2360 δε
898 2321 989 2381 μη
1017 2298 1398 2379 βλεπομενα
1426 2320 1656 2359 cet-ama

782 2510 856 2573 V.
880 2510 1190 2588 1οιδέιιμεν
1236 2529 1354 2588 γαρ
1399 2529 1497 2568 οτι
1541 2528 1657 2567 sav

783 2638 822 2696 ῃ·
883 2631 1170 2695 επιγειοο·
1236 2635 1418 2694 ημων
1493 2633 1657 2674 olma

702 2714 766 2766 15
785 2741 900 2782 του
968 2736 1251 2803 amp-ovo
1314 2718 1655 2797 καταλυθη

740 2883 749 2893 .
785 2826 1127 2908 οικοδομην
1181 2849 1251 2887 εκ
1291 2829 1387 2887 &v
1427 2846 1659 2904 εχομεν

785 2955 989 2995 οικιαν
1046 2953 1538 3013 αχειροποιητον
1599 2954 1654 2992 κ.

783 3061 841 3100 τ.
880 3038 935 3101 λ.

695 3247 907 3314 2⁰VII.
952 3250 1061 3332 ¹⁰7)
1140 3271 1260 3329 γαρ
1315 3272 1482 3310 κατα
1566 3252 1656 3310 19²⁹

782 3356 955 3439 λυπη
996 3377 1349 3437 μετανοιαν
1386 3371 1486 3418 eto
1529 3372 1657 3419 σω-

783 3485 1008 3545 τηρίαν
1040 3461 1530 3543 afletam-*imon
1560 3481 1656 3540 ερ-

781 3571 1038 3647 γαζεται
1075 3591 1117 3650 η
1163 3568 1239 3628 δε
1270 3588 1387 3628 του
1409 3582 1656 3645 κοσμου

781 3673 955 3754 λυπη
1053 3676 1352 3734 θανατον
1435 3693 1656 3752 κατερ-

693 3781 1038 3859 25γαζεται
1087 3778 1294 3840 11ιδου
1334 3800 1454 3858 γαρ
1496 3799 1656 3838 αυτο

779 3907 974 3948 τουτο
1014 3907 1090 3947 το
1130 3906 1299 3946 κατα
1332 3888 1425 3946 ev
1453 3884 1654 3966 λυπη-

776 3996 984 4073 θηναι
1057 4013 1273 4073 ποσην
1342 4012 1650 4072 κατηργα-

776 4206 843 4260 A
916 4206 962 4258 1.
999 4223 1299 4273 προοκαιρον
1333 4225 1415 4255 και
1450 4206 1659 4275 elampo-
1697 4201 1958 4256 D*EFG.
2046 4201 2095 4254 2.
2144 4220 2240 4267 τησ
2294 4201 2445 4260 θλιψ.
2497 4221 2634 4267 quon
2687 4200 3328 4272 2(C*?)DEFGKLP.

1795 1233 2037 1311 ”Quod
2058 1234 2230 1297 enim
2250 1233 2335 1297 ad
2360 1250 2663 1314 praesens

1785 1340 2133 1422 temporale
2200 1343 2295 1404 est
2348 1339 2487 1402 leue
2548 1337 2662 1401 tri-

1785 1446 2124 1511 bulationis
2172 1449 2426 1510 nostrae
2482 1445 2662 1508 iuxta

1786 1553 2214 1618 incredibilem
2269 1551 2536 1615 modum
2598 1552 2664 1612 et

1787 1658 1852 1723 in
1912 1658 2341 1723 incredibilem
2396 1657 2663 1721 modum

1786 1773 2120 1834 aeternum
2148 1766 2383 1847 gloriae
2409 1762 2662 1846 pondus

1787 1877 2087 1958 operatur
2111 1873 2292 1936 nobis
2340 1871 2393 1908 ¹⁸
2408 1889 2540 1935 non
2562 1888 2663 1932 re-

1785 1979 2188 2065 spicientibus
2232 1993 2399 2059 quae
2438 1976 2662 2040 uiden-

1787 2092 1891 2152 tur
1930 2087 2043 2151 sed
2087 2103 2255 2169 quae
2282 2103 2414 2148 non
2438 2082 2662 2146 uiden-

1785 2198 1922 2268 tur3
1968 2211 2134 2276 quae
2162 2192 2331 2254 enim
2363 2190 2663 2254 uidentur

1788 2299 2162 2382 temporalia
2229 2300 2436 2374 sunt,-
2496 2314 2663 2379 quae

1789 2412 2007 2473 autem
2126 2425 2259 2469 non
2363 2404 2663 2467 uidentur

1788 2519 2067 2579 aeterna.
2113 2512 2185 2574 V.
2205 2511 2474 2575 ¹Scimus
2492 2510 2663 2572 enim

1789 2622 1977 2704 quia,
2030 2620 2082 2684 si
2136 2622 2392 2683 terrena
2447 2619 2664 2679 nostra

1788 2730 2016 2791 domus
2040 2723 2447 2810 hqbitationis
2470 2721 2664 2786 resol-

1787 2837 1995 2911 uatur,
2022 2831 2529 2896 aedificationem
2545 2828 2663 2891 ha-

1786 2942 2012 3004 bemus
2071 2958 2151 3003 ex
2218 2937 2340 3000 deo
2392 2935 2658 2999 domum

1786 3066 1919 3114 non
1960 3064 2159 3109 manu
2200 3045 2430 3109 factam
2472 3041 2612 3080 ***

1898 3672 2030 3711 ***
2075 3671 2343 3736 tristitia
2384 3672 2660 3733 mortem

1785 3780 2104 3861 operatur.
2199 3778 2250 3813 ¹¹
2270 3775 2430 3839 Ecce
2488 3776 2659 3838 enim

1782 3884 1847 3947 id
1871 3884 2076 3966 ipsum
2095 3881 2446 3945 secundum
2463 3881 2656 3945 deum

1782 3989 2134 4054 contristari
2177 3992 2489 4070 quantam
2512 4007 2659 4070 per-

2675 913 2767 981 98

3196 1096 3271 1165 (3

2783 1231 2818 1270 *
2834 1231 3086 1295 Etenim
3118 1230 3292 1313 quod
3352 1228 3436 1293 ad
3475 1247 3661 1311 prae-

2785 1356 2930 1401 sens
2952 1336 3300 1419 temporale
3322 1340 3417 1400 est
3442 1339 3505 1398 et
3523 1334 3661 1397 leue

2787 1443 3208 1507 tribulationis
3407 1445 3664 1506 nostrae

2784 1551 2961 1614 iuxta
3023 1548 3452 1614 incredibilem
3524 1566 3662 1610 mo-

2786 1657 2942 1720 dum
2997 1660 3059 1719 et
3106 1657 3174 1719 in
3231 1652 3660 1718 incredibilem

2785 1763 3052 1827 modum
3075 1764 3405 1825 aeternum
3432 1758 3662 1841 gloriae

2785 1869 3037 1952 pondus
3052 1871 3352 1949 operatur
3379 1866 3413 1905 *
3432 1866 3459 1905 ²
3479 1865 3664 1929 nobis

2783 1995 2915 2040 non
2961 1973 3434 2056 respicientibus
3496 1990 3663 2053 quae

2786 2081 3084 2146 uidentur
3146 2079 3261 2142 sed
3319 2097 3487 2160 quae
3529 2096 3661 2140 non

2785 2187 3115 2261 uidentur3
3164 2204 3331 2266 quae
3365 2183 3535 2247 enim
3563 2183 3660 2246 ui-

2786 2295 3018 2358 dentur
3076 2291 3453 2373 temporalia
3492 2291 3658 2365 sunt,

2789 2419 2956 2482 quae
2996 2402 3215 2462 autem
3257 2417 3390 2461 non
3436 2396 3661 2459 uiden-

2786 2511 2888 2570 tur
2940 2510 3219 2570 aeterna.
3304 2503 3338 2541 *
3358 2503 3385 2541 ⁸
3414 2501 3660 2566 Scimus

2787 2613 2938 2696 quia
2955 2660 2969 2688 ,
3027 2611 3078 2674 si
3135 2614 3390 2673 terrena
3443 2611 3660 2671 nostra

2786 2720 3013 2782 domus
3038 2716 3443 2780 habitationis
3470 2713 3662 2778 resol-

2785 2827 2993 2901 uatur,
3020 2823 3522 2887 aedificationem
3542 2820 3661 2884 ha-

2783 2930 3007 2994 bemus
3077 2949 3156 2994 ex
3221 2929 3340 2992 deo
3395 2929 3660 2992 domum

2782 3055 2914 3099 non
2957 3055 3157 3100 manu
3196 3036 3431 3100 factam
3474 3040 3583 3099 cet.

2782 3246 3058 3323 *⁴Quae
3101 3247 3270 3311 enim
3305 3248 3658 3312 secundum

2783 3353 2978 3417 deum
3041 3358 3135 3418 est
3190 3355 3437 3419 tristitia
3505 3374 3658 3437 pae-

2781 3462 3115 3525 nitentiam
3161 3462 3225 3523 in
3254 3461 3526 3524 salutem
3562 3462 3659 3523 in-

2779 3566 3230 3649 paenitendam
3325 3570 3654 3648 operatum
3678 3600 3684 3604 ·

2780 3673 3004 3736 mundi
3098 3677 3315 3736 autem
3412 3674 3658 3736 tristitia

2780 3782 3051 3842 mortem
3095 3784 3415 3861 operatur.
3498 3780 3656 3842 Ecce

2780 3885 2952 3949 enim
2977 3885 3042 3948 id
3072 3886 3280 3968 ipsum
3301 3886 3655 3950 secundum

2781 3991 2974 4055 deum
3031 3993 3385 4059 contristari
3450 4012 3656 4074 quan-

913 4275 1151 4345 DEffG.
1249 4290 1331 4344 26.
1373 4291 1679 4357 λυπηθηναι
1726 4286 1975 4342 2‘CFG
2007 4289 2207 4354 λυπηθ.
2245 4307 2376 4346 imao
2420 4287 2812 4342 ΣΰΒΕΚῙιΡ.

773 4378 843 4433 ΙΙ
918 4378 962 4431 1.
999 4394 1133 4431 nam
1172 4376 1321 4448 quod
1353 4376 1429 4431 ad
1461 4392 1724 4446 praesens
1762 4375 2060 4444 temporale
2108 4379 2161 4426 et
2193 4373 2309 4427 leue
2339 4389 2636 4442 pressurae
2669 4380 2892 4429 nostrae
2929 4375 3165 4429 Tertull.
3202 4391 3332 4430 nam
3368 4375 3516 4444 qaod
3552 4375 3628 4429 ad
3662 4392 3928 4445 praesens
3965 4381 4046 4430 est
4083 4374 4206 4431 tad
4244 4381 4458 4444 tempus
4498 4380 4576 4429 est
4608 4380 4660 4428 et

917 4463 1033 4517 leue
1066 4479 1361 4532 pressurae
1399 4469 1421 4517 t
1459 4462 1834 4517 tribulationis
1868 4466 2091 4514 nostrae
2118 4474 2176 4526 g.
2274 4459 2320 4512 7.
2356 4460 2706 4528 respicientes
2740 4461 2777 4514 d
2813 4463 3238 4531 contemplantes
3272 4476 3317 4528 g·
3369 4463 3861 4531 contemplantibus
3909 4462 4054 4516 ohne
4102 4461 4259 4515 nobis
4296 4459 4657 4514 Ambrosiast.

910 4550 1249 4604 int-uentibus
1287 4549 1428 4602 ohne
1462 4550 1620 4603 nobis
1653 4547 1887 4601 Tertull.
1959 4548 2038 4601 13.
2076 4553 2203 4601 sunt
2238 4545 2381 4599 fehlt
2419 4560 2462 4612 g·
2504 4545 2758 4610 Tertull„
2797 4547 3064 4611 Ambros„
3101 4546 3323 4601 Hieron.
3405 4548 3483 4601 14.
3522 4549 3655 4615 qaia
3693 4547 4050 4601 Ambrosiast.
4072 4576 4136 4585 —-
4161 4554 4376 4600 terrena
4410 4546 4662 4610 Tertull„

912 4634 1153 4698 Hieron„
1191 4633 1373 4689 Sedul.
1450 4634 1528 4687 16.
1565 4634 1713 4703 quod
1746 4633 1892 4688 fehlt
1924 4631 2175 4695 Tertull„
2211 4630 2438 4685 Hieron.
2514 4632 2594 4685 17.
2630 4635 2890 4687 habemus
2927 4634 3026 4700 dg·
3060 4633 3310 4697 Tertull„
3349 4635 3724 4699 Ambrosiast„
3762 4634 3965 4697 Sedul„
4004 4631 4311 4687 Scholiasta.
4347 4631 4525 4697 Hier.;
4564 4632 4662 4685 da-

910 4737 1093 4792 gegen
1128 4722 1424 4776 babeamus
1456 4719 1679 4773 Hieron.
1749 4719 1830 4772 24.
1868 4718 2060 4772 mandi
2082 4710 2438 4772 Ambrosiast‘.
2477 4718 2671 4772 mandi
2716 4725 2738 4772 t
2771 4721 2978 4773 saeculi
3014 4734 3072 4786 g.
3144 4719 3227 4773 27.
3264 4736 3365 4774 uos
3406 4719 3547 4773 fehlt
3568 4736 3613 4788 g·
3634 4720 3999 4774 Ambrosiast.
4020 4749 4085 4758 —
4104 4725 4369 4788 quantam
4408 4720 4469 4773 in
4502 4718 4662 4773 uobis

901 4807 1216 4877 perficit
1246 4805 1670 4861 sollicitudinem
1705 4804 2062 4859 Ambrosiast.

770 4893 829 4949 (ἒ
906 4892 935 4922 *
980 4892 1043 4945 in
1079 4891 1273 4961 psalm.
1307 4893 1392 4955 93,
1431 4891 1512 4945 24.
1552 4921 1618 4930 -
1660 4892 1705 4944 l.
1746 4891 1893 4959 quod
1928 4893 2069 4944 enim
2121 4889 2197 4944 ad
2239 4905 2507 4960 praesens
2553 4891 2856 4959 temporale
2885 4898 2967 4946 est
3016 4898 3068 4945 et
3117 4892 3234 4944 leue
3283 4907 3442 4945 serm.
3480 4892 3565 4955 37,
3616 4892 3649 4944 8
3704 4894 3898 4955 etenim
3954 4892 4100 4960 quod
4148 4891 4225 4946 ad
4269 4907 4533 4960 praesens
4582 4898 4663 4944 est

907 4979 1207 5047 temporale
1241 4979 1358 5031 leae
1392 4976 1451 5030 in
1488 4976 1684 5046 psalm.
1720 4976 1805 5040 48,
1843 4976 1891 5040 2,
1932 4976 1965 5027 9
2000 4976 2150 5046 quod
2185 4981 2266 5031 est
2300 4977 2614 5044 temporale
2652 4979 2768 5030 leue
2804 4977 2872 5031 de
2910 4977 3144 5046 patient.
3177 4977 3224 5031 2.
3261 5007 3327 5017 --
3368 4978 3419 5030 4.
3452 4981 3617 5033 iuxta
3659 4978 4029 5033 incredibilem
4064 4977 4284 5031 modum
4324 4984 4526 5032 aetern.
4565 4984 4661 5032 cet.

903 5063 964 5116 in
1001 5063 1191 5133 psalm.
1231 5064 1316 5129 48,
1353 5064 1403 5127 2,
1441 5063 1474 5116 9
1507 5066 1569 5117 in
1604 5062 1974 5118 incredibilem
2008 5061 2229 5115 modum
2265 5068 2469 5116 aetern.
2507 5069 2602 5116 cet.
2644 5079 2803 5117 serm.
2835 5063 2922 5127 37,
2962 5063 2995 5116 8
3034 5064 3100 5117 de
3139 5063 3373 5131 patient..
3408 5064 3456 5117 2.
3491 5095 3554 5103 —
3591 5064 3660 5094 *²
3697 5064 3756 5118 in
3796 5065 3990 5135 psalm.
4015 5064 4101 5128 48,
4129 5064 4179 5127 2,
4217 5064 4265 5117 9.
4302 5094 4372 5103 -—
4421 5065 4468 5117 7.
4505 5064 4662 5118 nobis

904 5149 971 5203 de
1009 5149 1239 5218 patient.
1277 5150 1311 5202 2
1340 5150 1400 5204 in
1435 5150 1594 5203 nobis
1627 5165 1786 5202 serm.
1822 5149 1907 5213 37,
1932 5147 1981 5202 8.
2013 5176 2079 5186 -
2106 5147 2155 5201 8.
2177 5148 2594 5216 respicientibus
2633 5165 2793 5201 serm.
2830 5149 2914 5212 37,
2943 5149 2976 5202 8
3012 5149 3242 5218 exposit.
3282 5150 3441 5218 epist.
3479 5151 3550 5205 ad
3577 5151 3697 5205 Gal.
3723 5152 3805 5205 42.
3832 5181 3894 5190 —-
3920 5151 3986 5182 *⁸
4010 5151 4079 5205 de
4115 5149 4266 5204 civit.
4299 5149 4386 5203 dei
4429 5150 4509 5215 14,
4521 5150 4570 5203 3.
4601 5176 4653 5187 -—

908 5235 987 5289 13.
1026 5243 1250 5290 aeterna
1284 5252 1443 5291 serm.
1480 5235 1564 5299 37,
1602 5234 1635 5287 8
1682 5241 1906 5290 aeterna
1955 5241 2089 5289 sunt
2134 5249 2315 5303 expos.
2354 5232 2510 5303 epist.
2559 5233 2633 5287 ad
2670 5233 2790 5288 Gal.
2822 5235 2908 5299 42,
2964 5236 3031 5290 de
3087 5252 3216 5291 vera
3262 5236 3420 5306 relig.
3458 5237 3508 5290 4.
3571 5268 3628 5277 -
3684 5239 3765 5291 16.
3815 5237 4248 5305 aedificationem
4294 5237 4552 5291 habemas
4588 5252 4657 5291 ex

904 5322 1006 5376 deo
1063 5321 1122 5375 in
1172 5321 1368 5392 psalm.
1414 5322 1499 5383 30,
1545 5321 1610 5374 13
1660 5319 1721 5373 in
1767 5319 1883 5373 Ioh.
1920 5326 2117 5390 ev'ang.
2157 5319 2241 5383 67,
2277 5320 2311 5373 3
2363 5320 2759 5375 habitationem
2811 5321 3068 5376 babemus
3120 5339 3189 5376 ex
3231 5321 3332 5376 deo
3382 5322 3441 5376 in
3495 5323 3689 5392 psalm.
3729 5323 3821 5385 38,
3866 5323 3950 5376 21.
4008 5352 4073 5360 -
4129 5321 4191 5353 *⁴
4240 5322 4312 5375 de
4362 5321 4514 5375 civit.
4568 5322 4657 5375 dei

905 5408 984 5470 14,
1022 5406 1071 5461 8.
1109 5437 1173 5446 —-—
1211 5407 1298 5461 22.
1335 5406 1778 5477 inpaenitendam
1815 5423 1972 5461 serm.
2016 5406 2136 5470 254,
2171 5407 2219 5461 2.
2258 5436 2325 5445 —
2380 5406 2462 5459 27.
2514 5423 2584 5459 zu
2619 5408 2942 5462 contristari
3000 5409 3105 5461 hat.
3147 5409 3416 5462 Dombart
3465 5408 3568 5462 mit
3617 5409 3735 5463 cod.
3789 5410 3889 5463 lat.
3927 5409 4139 5463 Monac.
4176 5407 4312 5461 6267
4352 5410 4513 5477 (saec.
4549 5406 4652 5475 IX)

901 5510 1080 5564 gegen
1115 5493 1204 5548 die
1238 5492 1536 5563 seitherige
1572 5491 2033 5562 Ueberlieferung
2067 5509 2169 5548 uos
2207 5491 2536 5562 beigesetzt,
2574 5492 2673 5546 das
2710 5510 2778 5546 zu
2817 5493 3096 5548 sti-eichen
3130 5494 3221 5548 ist.

762 5580 831 5634 l)
904 5584 949 5633 1.
984 5581 1045 5633 in
1080 5577 1169 5633 die
1204 5577 1287 5633 fu.
1359 5581 1408 5635 5.
1444 5583 1503 5635 in
1539 5580 1925 5635 sublimitatem
1964 5577 2046 5633 fu.
2123 5578 2170 5631 7.
2201 5580 2267 5651 *in
2300 5579 2458 5634 nobis
2490 5578 2564 5633 fu
2600 5592 2698 5647 vg.
2778 5580 2858 5633 18.
2897 5580 3155 5635 habemas
3190 5595 3286 5649 vg.
3360 5581 3441 5635 24.
3480 5582 3768 5635 tristitiam
3803 5577 3887 5632 fu.

2148 5682 2182 5735 2
2218 5682 2337 5737 Cor.
2372 5684 2422 5746 4,
2466 5681 2687 5737 17--18,
2759 5684 2807 5747 5,
2852 5684 2899 5738 1.
2971 5683 3019 5747 7,
3059 5683 3278 5737 10-11.

3792 1230 3893 1293 die
3938 1231 4002 1294 in
4046 1230 4233 1293 diem.
4320 1227 4456 1292 l‘'Id
4498 1227 4669 1292 enim

3792 1336 3967 1417 quod
4035 1339 4102 1400 in
4179 1336 4496 1418 praesenti
4576 1339 4672 1399 est

3794 1446 4317 1507 momentaneum
4330 1445 4394 1505 et
4403 1440 4545 1505 leue
4557 1442 4669 1505 tri-

3792 1548 4132 1613 bulationis
4181 1552 4437 1613 nostrae
4478 1565 4670 1629 supra

3793 1655 4059 1720 modum
4139 1655 4206 1719 in
4284 1655 4670 1719 sublimitate

3793 1764 4126 1826 aeternum
4149 1761 4384 1842 gloriae
4399 1761 4670 1842 ‚pondus

3792 1871 4089 1950 operatur
4108 1867 4291 1932 nobis
4315 1867 4498 1930 ¹⁸non
4518 1885 4670 1929 con-

3792 1974 4243 2056 templantibus
4282 1973 4465 2036 nobis
4500 1990 4670 2054 quae

3791 2081 4092 2144 uidentur
4148 2080 4262 2143 sed
4320 2098 4487 2161 quae
4535 2098 4669 2142 non

3791 2186 4124 2260 uidentur3
4165 2205 4331 2268 quae
4361 2185 4532 2249 enim
4573 2184 4669 2248 ui·

3793 2294 4026 2356 dentur
4078 2291 4452 2375 temporalia
4498 2295 4666 2369 sunt,

3792 2418 3959 2481 quae
3979 2402 4197 2462 autem
4214 2418 4354 2488 non·
4370 2398 4557 2462 uiden
4565 2401 4671 2462 tur

3791 2510 4053 2570 aeterna
4078 2509 4245 2569 sunt.
4290 2504 4364 2567 V.
4393 2504 4667 2568 ¹Scimus

3790 2612 3959 2676 enim
3975 2612 4281 2693 quoniam
4292 2612 4342 2675 si
4364 2611 4668 2675 terrestris

3793 2717 4021 2782 domus
4129 2721 4348 2781 nostra
4478 2717 4665 2781 huius

3792 2824 4199 2888 habitationis
4268 2823 4668 2901 dissoluatur,

3792 2930 3964 3012 quod
4023 2929 4531 2994 aedificationem
4590 2950 4668 2994 ex

3792 3036 3914 3099 deo
3979 3036 4331 3099 habeamus
4402 3037 4668 3101 domum

3791 3162 3923 3205 non
3964 3161 4164 3206 manu
4204 3143 4443 3206 factam
4480 3149 4590 3207 cet.

3791 3248 3915 3311 VH.
3951 3248 4004 3286 ¹⁰
4019 3248 4200 3325 Quae
4234 3248 4405 3311 enim
4442 3268 4665 3312 secun-

3791 3355 3945 3419 dum
4003 3355 4198 3419 deum
4251 3355 4501 3419 tristitia
4573 3358 4668 3420 est

3788 3462 4245 3544 paenitentiam
4287 3463 4353 3525 in
4394 3462 4664 3527 salutem

3787 3567 4078 3631 stabilem
4095 3572 4417 3651 operatum
4435 3569 4667 3633 saeculi

3788 3678 4003 3738 autem
4081 3675 4330 3738 tristitia
4393 3679 4661 3739 mortem

3787 3784 4103 3863 operatur.
4199 3781 4250 3818 ¹¹
4265 3781 4422 3846 Ecce
4493 3781 4655 3844 enirn

3787 3888 3909 3951 hoc
4010 3889 4216 3970 ipsum
4308 3886 4652 3950 secundum

3788 3993 3980 4056 deum
4090 3992 4434 4057 contristari
4538 4008 4654 4053 uos

3437 4204 3514 4256 lO.
3564 4220 3828 4272 προσκαιρ.
3876 4224 4012 4255 εστιν
4047 4203 4167 4257 FG.
4257 4204 4335 4256 16.
4386 4224 4465 4253 οτι
4514 4203 4660 4254 muas.
