5117 6800
866 980 959 1049 A

472 1113 614 1178 λεια
656 1135 772 1177 του
813 1116 910 1175 θυ
949 1115 1202 1193 βρωσισ
1244 1134 1351 1174 και

471 1239 671 1283 ποσισ
741 1217 908 1281 αλλα
973 1216 1348 1300 δικαιοσυνη

470 1348 577 1387 και
626 1347 841 1408 ειρηνη
892 1346 1001 1386 και
1055 1346 1229 1406 χαρα
1275 1347 1347 1387 εν

471 1452 800 1511 πνευματι
833 1452 986 1510 αγιω
1023 1430 1249 1511 18ογαρ
1276 1452 1348 1494 ετ·

470 1559 678 1599 τουτω
730 1535 1055 1599 δουλευων
1106 1558 1197 1597 τω
1240 1540 1347 1599 {lm

469 1658 823 1723 ευαρεστοσ
839 1664 929 1703 τω
945 1646 1052 1704 &w
1063 1664 1171 1704 και
1183 1642 1347 1704 δοκι-

466 1771 617 1829 μοισ
627 1770 769 1812 τοισ
780 1753 1166 1829 ανθρωποισ
1179 1749 1361 1829 19ιτροε

471 1876 586 1917 ουν
627 1876 713 1916 τα
756 1876 881 1936 τησ
908 1876 1166 1936 ειρηνησ
1196 1855 1343 1917 διω-

469 1982 668 2041 κομεν
696 1984 805 2023 και
830 1983 916 2023 τα
952 1978 1076 2043 τησ
1104 1961 1344 2023 amodo-

468 2088 602 2148 μησ
617 2089 739 2150 τησ
756 2089 849 2129 em
867 2066 1341 2150 αλλ’]λουσὲομη

466 2195 681 2235 ενεκεν
694 2176 1044 2254 βρωματοσ
1059 2170 1263 2235 nata).
1271 2195 1338 2234 υε

467 2301 543 2342 το
599 2301 780 2360 εργον
822 2302 936 2342 του
979 2283 1077 2341 θυ
1113 2300 1338 2340 narra

467 2407 591 2465 μεν
633 2388 901 2465 καθαρα
945 2385 1110 2448 astla
1143 2407 1341 2447 κακον

460 2513 551 2553 τω
634 2496 973 2574 ανθρωπω
1041 2514 1134 2552 τω
1229 2491 1339 2553 δια

460 2619 976 2679 προσκομματοσ
1039 2602 1335 2660 εσθιοντι

462 2703 715 2766 531καλον
731 2726 807 2765 το
825 2727 914 2785 μη
934 2725 1166 2786 φαγειν
1180 2725 1336 2783 κρεα

456 2809 626 2891 μηδε
679 2831 853 2871 πιειν
922 2832 1095 2872 οινον
1165 2811 1335 2892 μηδε

458 2937 530 2977 εν
554 2937 603 2976 ω
630 2938 665 2977 ο
683 2916 977 2998 αδελφοσ
993 2932 1114 2979 σου
1132 2934 1334 2998 προσ·

462 3042 692 3083 κοπτει
735 3044 774 3102 η
841 3022 1335 3100 σκανδαλιζεται

453 3149 495 3208 η
536 3130 814 3191 ασθενει
878 3129 934 3166 ²²
952 3144 1035 3206 συ
1110 3147 1333 3194 mour

453 3254 534 3316 ην
599 3255 772 3312 εχεισ
814 3257 982 3297 κατα
1051 3252 1332 3299 σεαυτον

458 3362 564 3420 εχε
608 3361 888 3404 ενωπιον
926 3363 1044 3404 του
1078 3345 1177 3404 θυ
1209 3364 1330 3423 μα-

454 3469 683 3528 καριοσ
711 3470 746 3510 ο
772 3470 862 3529 μη
889 3469 1155 3529 κρεινων
1186 3471 1330 3511 εαυ-

450 3574 568 3615 τον
595 3576 666 3615 εν
696 3577 745 3615 ω
768 3553 1098 3634 δοκιμαζει
1132 3555 1233 3617 ²⁸0
1255 3555 1330 3617 δε

453 3658 980 3741 διακρεινομειὉσ
1031 3682 1116 3723 αν
1157 3684 1329 3744 φαγη

447 3787 900 3845 maxennam
955 3788 1055 3828 οτι
1097 3788 1209 3828 ουκ
1256 3790 1326 3828 εκ

449 3888 747 3936 πιστεωσ

448 3997 589 4038 παν
645 3976 721 4037 δε
780 3998 814 4038 ο
866 3998 980 4038 ουκ
1047 3999 1116 4038 εκ
1177 3994 1326 4041 πισ·

446 4100 624 4146 τεωσ
711 4104 998 4165 αμαρτια
1083 4099 1280 4146 εστιν.

444 4187 577 4251 XV.
617 4189 637 4226 ¹
660 4187 1002 4269 οφειλομεν
1030 4187 1105 4249 δε
1135 4206 1325 4271 ημεισ

447 4314 506 4355 οι
567 4291 832 4356 δυνατοι
892 4316 978 4355 τα
1037 4299 1324 4376 ασθενη-

445 4421 627 4479 ματα
738 4420 869 4459 των
977 4399 1323 4462 aduramur

2364 793 2453 861 69

1481 1129 1752 1192 regnum
1772 1109 1872 1174 dei
1895 1129 2040 1176 aeca
2064 1113 2129 1174 et
2152 1114 2361 1193 potuS‚

1483 1216 1596 1281 sed
1619 1214 1862 1280 iustitia
1882 1219 1947 1279 et
1966 1234 2092 1298 pax
2112 1219 2177 1280 et
2202 1235 2360 1296 gau-

1481 1321 1660 1385 dium
1711 1322 1778 1386 in
1832 1321 2054 1403 spiritu
2109 1325 2358 1398 sanct03

1490 1427 1541 1466 ¹⁸
1556 1428 1664 1510 qui
1708 1427 1877 1492 enim
1908 1429 1974 1490 in
2009 1427 2133 1492 hoc
2164 1428 2360 1492 seruit

1481 1531 1728 1597 Christo
1748 1582 1764 1610 ,
1841 1533 2049 1616 placet
2111 1533 2231 1598 deo
2296 1537 2360 1597 et

1479 1640 1787 1722 probatus
1837 1643 1931 1703 est
1975 1640 2355 1704 hominibus.

1486 1743 1759 1827 ¹⁹Itaque
1800 1765 1965 1827 quae
2003 1746 2176 1829 pacis
2207 1749 2357 1810 sunt

1475 1855 1788 1916 sectemur
1810 1855 1874 1916 et
1893 1871 2060 1934 quae
2077 1852 2161 1915 ad
2183 1852 2356 1917 aedi-

1475 1957 1839 2021 ficationem
1915 1958 1981 2020 in
2054 1960 2351 2023 inuicem.

1480 2063 1536 2100 2⁰
1549 2063 1690 2127 Noli
1748 2066 2004 2146 propter
2041 2083 2186 2129 esca
2241 2065 2352 2128 de-

1472 2172 1714 2233 struere
1740 2189 1901 2252 opus
1939 2170 2060 2234 dei.
2118 2170 2351 2235 Omnia

1472 2275 1729 2356 quidem
1763 2275 2026 2352 munda,
2070 2277 2179 2340 sed
2211 2296 2350 2340 ma-

1472 2380 1603 2444 lum
1649 2384 1742 2444 est
1789 2382 2025 2445 homini
2071 2384 2178 2466 qui
2235 2402 2348 2465 per

1470 2486 1884 2551 offensionem
1979 2488 2346 2552 manducat.

1473 2698 1796 2763 ⁹¹Bonum
1836 2703 1931 2763 est
1986 2720 2119 2764 non
2163 2720 2346 2765 man-

1468 2803 1700 2868 ducare
1786 2825 2047 2871 carnem
2135 2826 2344 2890 neque

1467 2910 1681 2975 bibere
1743 2912 1967 2976 uinum
2027 2933 2236 2996 neque
2276 2915 2344 2978 in

1468 3036 1594 3099 quo
1616 3018 1810 3082 frater
1818 3021 1967 3083 tuus
1981 3018 2340 3083 offenditur.

1469 3122 1527 3160 ⁸²
1542 3122 1643 3186 Tu
1681 3123 1874 3187 fidem
1903 3144 2105 3207 quam
2144 3125 2342 3192 habes

1465 3247 1659 3310 penes
1724 3233 1785 3293 te
1858 3230 2098 3313 ipsum,
2174 3232 2341 3296 habe

1465 3353 1681 3399 coram
1722 3335 1859 3399 deo.
1934 3335 2185 3403 Beatus
2226 3339 2342 3421 qui

1463 3460 1596 3505 non
1621 3442 1858 3507 iudicat
1893 3450 2095 3508 semet
2122 3444 2339 3526 ipsum

1463 3549 1528 3611 in
1604 3568 1734 3630 quo
1802 3549 2047 3631 probat.
2144 3549 2201 3589 ²⁸
2214 3550 2338 3627 Qui

1461 3657 1679 3719 autem
1722 3655 2028 3720 diiudicat
2065 3657 2116 3719 si
2156 3675 2338 3720 man-

1461 3760 1816 3841 ducauerit,
1863 3762 2205 3826 damnatus
2244 3765 2338 3826 est

1461 3869 1611 3949 quia
1654 3887 1785 3931 non
1827 3887 1905 3932 ex
1933 3868 2075 3932 fide.
2132 3868 2334 3933 Omne

1461 3976 1680 4038 autem
1725 3973 1759 4012 ’¹‘
1783 3974 1816 4012 *
1838 3973 1872 4012 ’¹‘

1459 4183 1592 4248 XV.
1620 4184 1961 4251 ¹Debemus
1977 4193 2195 4251 autem
2218 4207 2336 4251 nos

1458 4290 1889 4356 infirmitatem
1929 4293 2334 4374 infirmorum

2892 975 2967 1046 (3

2483 1112 2580 1173 est
2654 1110 2826 1174 enim
2900 1130 3170 1192 regnum
3262 1109 3364 1174 dei

2482 1233 2629 1278 esca
2650 1218 2713 1278 et
2742 1219 2949 1298 potus,
2986 1217 3100 1279 sed
3125 1215 3362 1282 iustitia

2483 1323 2547 1384 et
2609 1339 2736 1403 pax
2798 1324 2863 1384 et
2924 1320 3230 1402 gaudium
3295 1322 3361 1385 in

2440 1462 2450 1470 -
2480 1427 2702 1508 spiritu
2744 1429 2998 1504 sanct0;
3042 1427 3151 1509 qui
3191 1428 3361 1491 enim

2480 1532 2548 1596 in
2623 1531 2746 1596 hoc
2824 1533 3021 1597 seruit
3090 1531 3358 1611 Christ0,

2479 1638 2688 1721 placet
2749 1638 2869 1702 deo
2934 1643 2999 1702 et
3053 1638 3359 1721 probatus

2480 1747 2575 1808 est
2632 1744 3015 1809 hominibus.
3136 1745 3357 1828 Itaque

2478 1869 2645 1931 quae
2681 1851 2852 1932 pacis
2870 1854 3020 1913 sunt
3044 1853 3358 1915 sectemur

2443 1990 2446 1994 ⁴
2477 1959 2542 2020 et
2564 1975 2729 2038 quae
2749 1956 2834 2019 ad
2849 1957 3354 2021 aedificationem

2474 2065 2627 2125 sunt
2684 2062 2746 2125 in
2815 2063 3106 2126 inuicem.
3212 2063 3353 2127 Noli

2473 2171 2732 2248 propter
2776 2187 2985 2231 escam
3030 2170 3352 2233 destruere

2472 2292 2633 2355 opus
2668 2273 2786 2336 dei.
2830 2273 3063 2337 Omnia
3091 2275 3351 2357 quidem

2471 2379 2748 2455 munda,
2809 2380 2919 2443 sed
2968 2381 3212 2444 malum
3256 2385 3351 2445 θεῖ

2468 2486 2710 2549 homini
2756 2487 2864 2568 qui
2902 2506 3014 2567 per
3055 2487 3347 2552 offensio-

2467 2612 2619 2656 nem
2662 2592 3026 2656 manducat.
3097 2592 3348 2657 Bonum

2468 2702 2564 2763 ost
2609 2717 2742 2762 non
2778 2698 3169 2763 manducare
3210 2717 3348 2762 car-

2466 2823 2619 2868 nem
2641 2823 2852 2887 neque
2875 2803 3089 2867 bibere
3120 2805 3344 2869 uinum

2467 2929 2678 2993 neque
2706 2912 2770 2973 in
2805 2929 2934 2992 quo
2975 2909 3167 2973 frater
3197 2913 3345 2973 tuus

2465 3016 2825 3080 offenditur.

2464 3122 2565 3186 Tu
2630 3122 2824 3186 fidem
2891 3140 3089 3203 quam
3147 3121 3345 3186 habes

2464 3248 2660 3312 penes
2698 3231 2895 3291 temet
2924 3227 3150 3309 ipsum,
3176 3228 3343 3293 habe

2464 3353 2682 3399 coram
2726 3334 2864 3398 deo.
2943 3334 3176 3398 Beatus
3232 3337 3342 3418 qui

2462 3460 2596 3505 non
2636 3441 2875 3507 iudicat
2903 3444 3103 3506 semet
3131 3444 3339 3524 ipsum

2462 3548 2528 3611 in
2572 3566 2703 3629 quo
2736 3547 2987 3628 probat.
3059 3546 3183 3625 Qui
3224 3568 3340 3612 au-

2460 3657 2596 3717 tem
2637 3652 2937 3717 diiudicat
2975 3653 3027 3716 si
3066 3654 3339 3719 mandu-

2461 3760 2730 3834 cauerit‚
2811 3758 3153 3824 damnatus
3247 3764 3341 3825 est

2462 3865 2616 3947 quia
2655 3884 2789 3928 non
2826 3884 2904 3929 ex
2939 3865 3083 3929 fide.
3130 3864 3337 3931 Omne

2460 3976 2679 4036 autem
2722 3971 2898 4054 quod
2945 3990 3076 4035 non
3120 3976 3214 4036 est
3259 3993 3338 4037 ex

2459 4078 2587 4142 fide
2628 4080 2964 4160 peccatum
3004 4081 3115 4142 est.

3486 1113 3580 1174 θεῖ
3629 1129 3899 1192 regnum
3947 1110 4049 1174 dei
4104 1129 4249 1174 aeca
4299 1114 4364 1175 et

3484 1218 3692 1298 potus,
3733 1215 3846 1281 sed
3869 1216 4103 1280 iustitia
4129 1219 4194 1280 et
4231 1235 4361 1298 pax

3484 1325 3549 1386 et
3612 1322 3919 1403 gaudium
3997 1323 4065 1387 in
4139 1322 4361 1404 spiritu

3482 1430 3731 1502 sanct03
3764 1428 3925 1511 ¹⁸qui
3951 1429 4120 1492 enim
4150 1427 4216 1490 in
4236 1426 4361 1491 hoc

3482 1534 3676 1598 seruit
3694 1532 3962 1612 Christo,
3996 1533 4203 1617 placet
4232 1534 4353 1599 deo
4409 1539 4441 1592 5

3482 1641 3546 1702 θῖ
3594 1640 3901 1721 probatus
3942 1642 4039 1704 est
4079 1640 4352 1705 homini-

3479 1744 3618 1809 bus.
3684 1746 3735 1784 ¹⁹
3748 1744 3970 1828 Itaque
3993 1765 4159 1827 quae
4185 1747 4356 1829 pacis

3477 1853 3627 1914 sunt
3686 1854 4001 1916 sectemur
4068 1856 4133 1915 et
4189 1872 4355 1934 quae

3476 1956 3929 2022 aedificationis
3943 1959 4171 2022 suntin
4190 1959 4354 2023 inui-

3476 2082 3614 2128 cem
3639 2063 4082 2128 custodiamus.
4144 2064 4350 2129 2⁰Noli
4372 2063 4436 2117 10

3473 2172 3733 2252 propter
3779 2189 3991 2235 aecam
4033 2170 4350 2236 destruere

3474 2295 3632 2358 opus
3655 2275 3773 2339 dei.
3832 2275 4064 2340 Omnia
4088 2277 4347 2359 quidem

3471 2382 3717 2446 munda
3742 2385 3909 2461 sunt,
3952 2385 4066 2448 sed
4103 2383 4346 2448 malum

3471 2492 3565 2551 θεῖ
3609 2489 3850 2553 homini
3873 2490 3981 2572 qui
4006 2509 4121 2571 per
4145 2490 4348 2553 offen-

3470 2595 3682 2658 dicum
3723 2596 4089 2660 manducat.
4149 2595 4347 2659 ²¹Bo-
4365 2601 4430 2654 15

3467 2719 3627 2765 num
3666 2705 3760 2765 est
3798 2721 3930 2765 non
3954 2701 4345 2767 manducare

3469 2826 3725 2870 carnem
3750 2810 3813 2870 et
3843 2826 3975 2871 non
4001 2808 4217 2871 bibere
4247 2810 4344 2872 ui-

3467 2931 3626 2975 num
3664 2932 3872 2994 neque
3895 2913 3959 2976 in
3985 2934 4114 2994 quo
4146 2915 4340 2978 frater

3466 3021 3613 3083 tuus
3664 3019 3930 3082 offendit
3988 3024 4105 3084 aut
4157 3040 4341 3085 scan-

3466 3125 3773 3190 dalizatur
3808 3130 3919 3189 aut
3963 3126 4337 3190 infirmatur.
4358 3137 4427 3193 20

3470 3231 3635 3295 ΒΩΤι]
3662 3232 3857 3297 fidem
3887 3231 4104 3310 habeS‚
4145 3252 4340 3315 penes

3462 3341 3661 3404 temet
3686 3340 3894 3421 ipsum
3922 3339 4090 3403 habe
4118 3360 4336 3406 coram

3464 3447 3603 3509 deo.
3665 3445 3901 3509 Beatus
3931 3447 4042 3529 qui
4081 3466 4214 3510 non
4242 3448 4340 3512 iu-

3463 3553 3632 3617 dicat
3663 3554 3863 3618 semet
3902 3553 4112 3633 ipsum
4151 3553 4217 3617 in
4259 3574 4336 3618 eo

3461 3677 3590 3740 quo
3609 3658 3855 3739 probat.
3905 3658 3961 3698 2³
3974 3659 4098 3736 Qui
4119 3662 4338 3724 autem
4355 3675 4421 3729 25

3461 3764 3754 3829 discernit
3767 3765 3818 3827 si
3833 3764 4336 3845 manducauerit‚

3461 3871 3807 3935 damnatus
3862 3874 3958 3934 θεῖ
4005 3873 4155 3954 quia
4205 3891 4339 3936 non

3460 3997 3538 4041 ex
3601 3977 3744 4040 fide.
3844 3975 4051 4042 Omne
4115 3980 4334 4042 autem

3460 4083 3634 4166 quod
3697 4103 3829 4148 non
3906 4086 4001 4147 est
4062 4102 4140 4147 ex
4207 4085 4336 4148 fide

3456 4193 3791 4271 peccatum
3828 4193 3939 4253 est.
4005 4189 4138 4253 XV.
4178 4190 4333 4253 ¹De-
4350 4209 4419 4264 30

3456 4295 3681 4359 bemus
3706 4299 3925 4359 autem
3949 4314 4066 4358 nos
4093 4295 4332 4358 firmio-

3454 4420 3553 4464 res
3578 4400 4010 4465 inbecillitates
4048 4401 4332 4465 infirmo-

298 4628 319 4638 ·
439 4597 505 4651 Δ
582 4596 630 4648 5.
668 4614 739 4646 τω
766 4614 843 4659 χω
869 4592 942 4646 B⁸
966 4609 1018 4647 u.
1035 4593 1087 4649 d.
1102 4592 1279 4663 fibrig.
1333 4593 1382 4649 6.
1410 4596 1611 4650 domnoc
1636 4593 1728 4647 die
1747 4592 1924 4663 (ibrig.
1959 4608 2148 4647 ausser
2161 4593 2253 4648 (Ρ.
2314 4593 2365 4648 8.
2391 4596 2643 4652 &mammen
2674 4594 2825 4649 CDE.
2901 4595 2980 4648 10.
3003 4615 3078 4646 ew
3100 4596 3273 4663 αλληλ.
3298 4596 3592 4657 polaemon
3614 4593 3846 4648 D‘EFG.
3922 4594 4002 4648 18.
4024 4612 4332 4664 προσκοπτει

573 4680 654 4731 Σ*
689 4693 726 4720 ¹¹·
754 4692 788 4720 ⁸·
831 4678 934 4734 AC
967 4677 1115 4749 Orig.
1154 4697 1330 4748 προοκ.
1370 4699 1403 4746 η
1443 4677 1823 4737 οιωδαλιζεται
1857 4700 1890 4745 η
1926 4682 2136 4732 ασθυει
2160 4678 2601 4734 2⁶DEFGLP.
2676 4679 2761 4733 20.
2798 4699 2979 4731 unctu
3015 4702 3079 4749 ην
3114 4701 3247 4746 elno
3283 4680 3450 4735 ΣΑΟ
3485 4676 3633 4749 Orig.
3686 4701 3750 4748 ην
3787 4678 3934 4734 fehlt
3975 4678 4329 4735 DEFGLP.

434 4769 506 4823 B
575 4766 623 4819 9.
661 4770 791 4821 cunt
826 4764 969 4820 fehlt
989 4764 1088 4833 fg.
1163 4764 1242 4818 12.
1280 4771 1411 4821 sunt
1444 4764 1589 4820 fehlt
1624 4764 1782 4833 «ug.
1857 4765 1938 4818 14.
1975 4765 2330 4835 offensionem
2368 4765 2529 4835 «113,
2583 4765 2971 4829 Ambrosiam..
3008 4765 3283 4821 Gaudent.

570 4851 655 4905 20.
692 4866 857 4920 quam
890 4851 1057 4907 habes
1089 4850 1278 4921 Pelag.
1315 4852 1430 4905 und
1467 4851 1556 4905 die
1582 4850 2170 4921 Vulgatahandschrift
2205 4851 2265 4906 in
2300 4852 2396 4907 der
2415 4850 2866 4907 Dombibliothek
2900 4869 2969 4904 zu
2996 4851 3216 4907 Toled0.
3287 4851 3371 4906 24.
3407 4854 3468 4906 in
3504 4868 3612 4921 quo
3648 4850 3797 4919 (ΠΕ.
3868 4849 3951 4904 31.
3981 4851 4333 4920 infirmitates

573 4936 814 5002 Hieron„
851 4935 1213 4992 Ambrosiast.

3355 4766 3436 4820 17.
3468 4782 3639 4835 neque
3675 4764 3707 4819 f
3723 4780 3795 4834 g,
3828 4766 3989 4818 Auct.
4026 4764 4167 4835 sing.
4202 4765 4330 4820 cler.

437 5020 495 5076 (2
577 5020 657 5073 10.
694 5027 826 5077 sunt
861 5021 1004 5077 fehlt
1038 5022 1106 5077 de
1145 5022 1362 5093 coniug.
1396 5020 1577 5076 adult.
1620 5022 1665 5085 1,
1705 5022 1786 5076 15.
1835 5049 1901 5061 -
1945 5023 2026 5078 14.
2064 5025 2420 5095 offensionem
2454 5022 2588 5079 ibid.
2646 5023 2755 5094 vgl.
2806 5023 3030 5079 consenc.
3075 5025 3154 5087 10,
3188 5023 3257 5076 46
3306 5023 3549 5079 docuisti
3585 5039 3690 5088 me,
3737 5029 3902 5093 pater
3936 5024 4093 5088 bone,
4142 5024 4329 5077 omnia

569 5106 776 5161 munda
809 5108 1044 5177 mundis,
1078 5109 1176 5164 sed
1207 5109 1412 5163 malum
1450 5123 1565 5163 esse
1598 5108 1810 5163 homini
1841 5110 1940 5178 qui
1971 5126 2078 5180 per
2116 5110 2617 5181 offensionem
2652 5110 2965 5167 manducat.
3005 5141 3071 5151 —
3107 5108 3191 5164 20.
3232 5116 3291 5165 tu
3324 5108 3488 5177 fidem
3542 5125 3709 5178 quam
3765 5109 3931 5164 habea
3964 5125 4132 5179 penes
4168 5114 4328 5164 temet

565 5191 750 5260 ipsum
783 5194 920 5249 habe
955 5211 1142 5250 coram
1175 5194 1277 5250 deo
1315 5209 1528 5266 propos.
1566 5209 1635 5247 ex
1670 5192 1827 5263 epist.
1863 5196 1935 5249 ad
1973 5196 2133 5251 Rom.
2167 5212 2353 5266 expos.
2377 5194 2463 5250 81.
2502 5225 2571 5235 —-
2607 5195 2690 5249 24.
2727 5198 2789 5252 in
2824 5214 2933 5267 quo
2970 5196 3103 5252 ibid.
3130 5225 3195 5236 -
3224 5195 3308 5251 25.
3343 5194 3626 5251 diiudicat
3661 5194 3846 5266 einige
3873 5193 4322 5258 Handschriften‚

570 5274 659 5330 die
696 5276 992 5347 Ausgaben
1027 5279 1303 5336 discernit.

427 5362 499 5417 D
570 5361 650 5415 14.
690 5362 1045 5431 offensionem
1078 5363 1163 5429 fu,
1200 5366 1593 5435 offendiculum
1627 5380 1727 5435 vg.
1801 5367 1882 5421 19.
1921 5366 2227 5437 offenditur
2262 5375 2364 5425 aut
2397 5367 2587 5425 scand.
2626 5374 2729 5424 aut
2766 5368 2873 5439 inf.
2910 5383 3007 5437 vg.
3077 5368 3160 5422 21.
3196 5369 3355 5425 habia
3382 5382 3590 5438 pacm
3628 5366 3726 5433 1ης
3764 5385 3861 5421 zur
3899 5366 4325 5436 Interpunotion

569 5446 681 5517 vgl.
716 5446 946 5517 Hagen
988 5451 1229 5519 sprachl.
1264 5452 1454 5508 Er6rt.
1493 5468 1539 5506 ε.
1591 5451 1808 5522 Ῡιαςαι.
1844 5451 1899 5506 S.
1937 5452 2021 5507 57.
2091 5451 2175 5506 24.
2211 5454 2273 5508 in
2310 5468 2374 5509 eo
2413 5453 2564 5524 quod
2599 5452 2669 5509 fn
2704 5469 2803 5523 vg.

2040 5554 2200 5610 Rom.
2234 5556 2312 5621 14,
2351 5556 2416 5610 17

2452 5586 2519 5597 —
2554 5558 2637 5621 15,
2676 5557 2723 5612 l.
