5117 6800
1176 1160 1269 1230 A

782 1312 1068 1379 γομενησ
1154 1311 1521 1380 περιτομησ
1591 1316 1665 1357 εν

783 1417 974 1485 σαρκι
1001 1424 1452 1486 χειροποιητου

792 1510 847 1554 ¹²
857 1530 958 1573 οτι
1000 1530 1112 1592 ητε
1156 1530 1251 1571 τω
1276 1530 1471 1591 mapa)
1510 1531 1668 1573 exst·

782 1638 876 1680 νω
914 1631 1119 1698 χωρισ
1158 1638 1240 1696 xv
1283 1615 1669 1702 απηλλοτρι-

732 1715 767 1769 5
786 1743 1022 1804 ωμενοι
1112 1739 1242 1808 ‘cuja’
1327 1722 1670 1788 πολιτειασ

784 1851 903 1894 του
946 1831 1180 1913 ισραηλ
1211 1852 1318 1893 και
1343 1833 1514 1906 §evoe
1538 1851 1670 1892 των

787 1936 1128 2020 διαθηκων
1140 1952 1267 2021 τησ
1275 1935 1671 2017 επαγγελιασ

788 2041 1033 2108 caneda
1088 2064 1179 2126 μη
1242 2058 1512 2123 exorreo
1565 2062 1671 2106 και

788 2154 987 2214 aoso·
1083 2171 1156 2212 εν
1249 2171 1342 2212 τω
1445 2165 1671 2232 κοσμω

706 2248 771 2306 10
798 2257 853 2298 ¹⁸
866 2278 1045 2320 νυνει
1072 2254 1149 2318 δε
1187 2277 1259 2318 εν
1273 2277 1367 2335 χω
1390 2277 1454 2318 ev
1478 2271 1672 2338 υμεισ

790 2385 851 2426 οι
921 2383 1087 2426 ποτε
1157 2378 1353 2427 orreo·
1410 2384 1673 2444 μακραν

792 2472 1149 2553 εγενηθητε
1208 2484 1399 2549 εγγυσ
1453 2489 1527 2530 εν
1580 2490 1672 2530 τω

790 2597 1019 2656 αιματι
1069 2596 1151 2655 xv

799 2683 855 2722 ¹⁴
868 2697 1079 2746 αυτοσ
1161 2699 1281 2762 γαρ
1364 2695 1545 2744 εστιν
1631 2701 1673 2762 η

709 2786 774 2843 15
793 2809 1009 2871 samm)
1060 2809 1246 2871 ημων
1300 2807 1336 2850 o
1380 2801 1674 2868 ποιησασ

790 2916 878 2958 τα
919 2916 1267 2977 αμφοτερα
1323 2914 1397 2956 εν
1447 2914 1555 2957 και
1574 2913 1674 2954 -to

789 3017 1176 3085 μεσοτοιχον
1216 3020 1332 3063 του
1372 3020 1673 3082 φραγμου

791 3107 1009 3173 λυσασ
1067 3107 1121 3147 ¹⁶
1132 3128 1253 3189 την
1297 3109 1553 3188 ἐχθρω·
1602 3126 1675 3168 ὃν

790 3236 872 3298 τη
901 3229 1091 3295 auom
1120 3234 1323 3276 αυτου
1338 3234 1456 3276 τον
1473 3233 1674 3294 νυμον

706 3315 776 3372 20
791 3343 925 3384 των
951 3318 1230 3384 ewulm
1253 3340 1327 3382 εν
1353 3316 1676 3401 δογμασιν

791 3440 1217 3511 καταργησασ
1238 3449 1345 3490 ινα
1363 3441 1528 3491 τουσ
1555 3424 1676 3488 δυο

795 3552 982 3619 κτιση
1044 3555 1117 3597 εν
1170 3554 1348 3596 aveo>
1402 3548 1507 3598 εισ
1558 3554 1676 3595 ενα

794 3662 1019 3705 καινον
1060 3642 1425 3721 ανθρωπον
1469 3659 1676 3702 ποιων

795 3768 1053 3830 ειρηνην
1096 3746 1267 3808 Ῑθκαι
1301 3743 1675 3808 artaxata).-

2681 973 2819 1043 120

1797 1288 2049 1373 putium
2090 1290 2172 1357 ab
2201 1312 2278 1358 ea
2317 1312 2484 1375 quae
2528 1293 2683 1358 dici-

1799 1398 1907 1461 tur
1951 1396 2339 1464 circumcisio
2384 1400 2449 1464 in
2488 1419 2683 1466 carne

1800 1503 2226 1586 manufacta,
2281 1505 2457 1589 ¹¹qui
2493 1507 2683 1571 eratis

1800 1607 1909 1674 illo
1943 1612 2232 1694 tempore
2259 1613 2395 1679 sine
2423 1612 2683 1679 Christo

1805 1714 2075 1781 alienati
2171 1737 2214 1783 a
2315 1720 2684 1786 societatem

1802 1820 2029 1887 Srahel
2047 1827 2113 1889 et
2138 1827 2467 1908 pereyrini
2493 1829 2686 1892 testa-

1804 1932 2168 1997 mentorum
2208 1935 2274 1997 et
2324 1932 2685 2016 promissio-

1803 2036 1902 2101 nis
1921 2056 2098 2118 spem
2131 2057 2261 2105 non
2282 2039 2594 2105 habentes
2622 2041 2687 2103 et

1803 2142 1938 2208 sine
1982 2144 2104 2210 deo
2147 2145 2212 2209 in
2252 2145 2379 2211 hoc
2406 2145 2686 2227 mundo,-

1813 2250 1867 2290 ¹⁸
1879 2269 2052 2316 nunc
2092 2254 2304 2316 autem
2341 2252 2406 2316 in
2434 2250 2686 2317 Christo

1805 2355 1944 2422 Iesu
2002 2375 2119 2423 uos
2169 2358 2281 2441 qui
2338 2358 2685 2442 aliquando

1806 2464 2011 2529 eratis
2074 2462 2266 2547 longe
2332 2464 2482 2531 facti
2539 2464 2686 2530 ostis

1805 2588 2005 2653 prope
2027 2569 2093 2634 in
2114 2571 2424 2653 sanquine
2441 2570 2685 2638 Christi.

1816 2676 1871 2715 ¹⁴
1884 2675 2021 2759 Ipae
2060 2680 2159 2741 est
2199 2677 2372 2742 enim
2410 2698 2540 2761 pax
2569 2697 2689 2743 no-

1806 2785 1945 2848 stra
2006 2782 2119 2866 qui
2174 2783 2334 2863 fecit
2408 2790 2688 2868 atraque

1807 2907 2012 2953 unum
2056 2889 2122 2953 et
2165 2889 2451 2955 medium
2484 2891 2690 2973 parie-

1803 2998 1937 3059 tem
2019 2996 2337 3061 maceriae
2433 2996 2689 3062 soluens

1814 3101 2261 3168 ¹⁸inimicitiam
2273 3102 2340 3166 in
2360 3121 2546 3168 carne
2565 3123 2690 3168 sua

1804 3206 2012 3291 legem
2027 3208 2481 3274 mandatorum
2495 3209 2563 3274 in
2578 3209 2691 3274 de·

1807 3315 2000 3380 cretis
2038 3334 2380 3394 euacuanS,
2418 3318 2492 3381 ut
2529 3316 2691 3381 duos

1806 3422 2110 3489 conderet
2156 3423 2224 3487 in
2261 3441 2330 3488 se
2380 3423 2453 3487 in
2488 3442 2691 3488 unum

1806 3547 2055 3594 nonum
2096 3528 2425 3595 hominem
2454 3528 2691 3596 faciens

1806 3653 2035 3718 pacem

1816 3741 1871 3780 ¹⁶
1883 3748 1945 3807 et
2013 3744 2423 3807 commutaret
2485 3742 2689 3806 utros-

791 3947 860 4002 A
930 3943 980 3998 2.
1020 3961 1352 4016 χειροποιητω
1394 3939 1609 3997 1)*ΓΘ.
1678 3940 1728 3995 9.
1765 3961 1818 3992 εν
1854 3960 1929 3993 τω
1963 3959 2105 4002 noea.
2141 3958 2307 3990 του-τω
2342 3935 2448 3992 PG
2488 3936 2638 4009 Orig.

791 4033 862 4089 B
932 4029 981 4083 3.
1035 4029 1133 4100 qui
1170 4029 1342 4084 eratis
1378 4027 1542 4081 Auct.
1576 4027 1630 4081 d.
1668 4027 1843 4081 vocat.
1880 4026 2058 4096 gent„
2096 4022 2404 4078 Scholiasta
2445 4022 2621 4089 Hier„
2658 4023 2933 4087 Ambros„
2968 4022 3134 4077 Beda.
3203 4021 3253 4077 4.
3291 4022 3392 4077 illo
3432 4029 3674 4093 tempore
3711 4022 3875 4079 Auct.
3911 4024 3979 4080 de
4014 4028 4192 4081 vocat.
4231 4029 4410 4097 gent..
4449 4026 4689 4094 Hieron.²

927 4115 1066 4170 Mar.
1112 4112 1376 4169 victorin.
1415 4120 1655 4185 tempore
1700 4112 1802 4169 illo
1840 4111 1877 4166 d
1906 4126 1966 4180 g.
2053 4110 2102 4166 6.
2148 4110 2225 4164 Zu
2261 4110 2457 4166 Srahel
2492 4110 2607 4181 vgl.
2644 4109 2869 4165 Einleit.
2902 4109 2935 4178 ξ
2973 4109 3035 4163 11
3074 4107 3129 4163 S.
3168 4108 3250 4162 15.
3296 4137 3365 4147 -
3407 4115 3691 4180 pereqm‘ni
3726 4116 4168 4168 testamentorum
4185 4109 4271 4168 ‘et
4301 4115 4695 4184 promissionis

3208 1160 3286 1230 (3

2803 1291 2890 1358 ab
2931 1312 3009 1358 ea
3063 1311 3232 1376 quae
3284 1293 3513 1360 dicitur
3566 1295 3686 1361 cir-

2804 1399 3105 1464 cumcisio
3145 1400 3213 1465 in
3258 1418 3451 1466 carne
3482 1419 3687 1467 manu

2803 1504 2975 1570 facta
2989 1553 3007 1584 ‚
3067 1505 3180 1589 qui
3239 1506 3429 1572 eratis
3467 1506 3576 1572 illo
3616 1509 3685 1573 in

2803 1614 3091 1695 tempore
3192 1613 3329 1677 sine
3437 1612 3686 1680 Christo

2806 1717 3063 1783 alienati
3096 1736 3137 1782 a
3165 1719 3466 1785 societate
3494 1720 3686 1786 Israel

2806 1826 2871 1888 et
2951 1825 3264 1907 peregrini
3337 1828 3686 1893 testamen-

2806 1933 3020 1996 torum
3106 1934 3172 1996 et
3261 1932 3688 2015 promissionis

2806 2055 2987 2120 spem
3049 2055 3182 2101 non
3253 2037 3565 2105 habentes
3621 2043 3688 2106 et

2805 2143 2940 2206 sine
2981 2143 3103 2207 deo
3142 2144 3211 2209 in
3240 2143 3366 2209 hoc
3406 2144 3685 2224 mund03

2809 2265 2983 2313 nunc
3036 2251 3251 2314 autem
3311 2249 3377 2315 in
3434 2249 3688 2341 Christo

2806 2354 2945 2420 Iesu
3001 2373 3119 2421 uos
3176 2356 3288 2439 qui
3337 2356 3687 2439 aliquando

2808 2461 2998 2527 eratis
3072 2462 3260 2545 longe
3339 2463 3490 2528 facti
3540 2464 3687 2528 estis

2808 2586 3007 2651 prope
3023 2568 3092 2632 in
3111 2568 3423 2651 sanguine
3438 2568 3685 2634 Christi.

2809 2673 2949 2757 Ipse
3011 2677 3108 2739 est
3163 2676 3336 2741 enim
3387 2695 3517 2759 pax
3567 2695 3689 2741 no-

2808 2783 2945 2846 stra
3007 2780 3118 2864 qui
3197 2780 3345 2846 fecit
3414 2785 3689 2867 utraque

2812 2905 3016 2952 unum
3054 2891 3120 2952 et
3157 2887 3441 2953 medium
3480 2889 3690 2972 parie-

2808 2996 2942 3057 tem
3033 2996 3345 3059 maceriae
3435 2994 3690 3060 soluens

2809 3099 3204 3165 inimicitiam
3243 3100 3313 3164 in
3340 3119 3532 3166 carne
3571 3120 3692 3168 sua

2809 3206 3014 3288 legem
3027 3206 3485 3273 mandatorum
3497 3206 3559 3271 in
3577 3206 3692 3272 de·

2810 3313 2992 3378 cretis
3034 3332 3377 3393 euacuan5‚
3417 3315 3490 3378 ut
3530 3312 3692 3379 duos

2810 3420 3114 3488 conderet
3154 3421 3222 3486 in
3263 3440 3332 3486 se
3372 3419 3440 3485 in
3485 3439 3690 3486 unum

2809 3546 3057 3593 nouum
3097 3527 3428 3592 hominem
3453 3525 3690 3592 faciens

2808 3654 3038 3718 pacem
3051 3682 3067 3712 ‚
3131 3635 3207 3698 ut
3265 3635 3690 3699 commutaret

2810 3743 3116 3824 utrosque
3155 3739 3224 3804 in
3265 3757 3398 3804 uno
3422 3758 3687 3824 corpore

3807 1312 3886 1359 ea
3927 1312 4096 1376 quae
4152 1293 4383 1360 dicitur
4422 1293 4692 1360 circum-

3807 1399 3958 1465 cisio
3974 1400 4038 1466 in
4057 1419 4253 1466 carne
4274 1419 4478 1466 manu
4499 1402 4689 1482 fam,

3816 1506 3871 1544 ²¹
3898 1507 4052 1591 quia
4146 1508 4338 1573 eratis
4425 1508 4531 1575 illo
4619 1511 4691 1576 in

3806 1614 4096 1697 tempore
4202 1615 4338 1679 sine
4439 1614 4690 1682 Christo

3807 1718 4066 1786 alienati
4149 1739 4192 1785 a
4275 1723 4692 1790 conuersione

3807 1825 4042 1891 Israhel
4086 1830 4153 1892 et
4190 1828 4469 1911 hospites
4493 1832 4690 1895 testa-

3809 1935 4177 1998 mentorum
4262 1935 4691 2018 promisionis

3806 2058 3988 2122 spem
4057 2058 4194 2105 non
4260 2041 4574 2108 habentes
4626 2046 4692 2109 et

3806 2145 3942 2210 sine
3982 2145 4106 2212 deo
4142 2146 4210 2211 in
4247 2147 4528 2242 mund03

3817 2251 3871 2292 ¹⁸
3885 2270 4059 2319 nunc
4093 2255 4312 2318 autem
4346 2255 4413 2319 in
4439 2253 4694 2322 Christo

3807 2356 3948 2424 Iesu
4005 2378 4123 2425 uos
4175 2360 4288 2444 qui
4341 2360 4691 2444 aliquando

3808 2464 3999 2530 eratis
4064 2464 4252 2548 longe
4325 2466 4478 2533 facti
4543 2471 4691 2535 estis

3808 2589 4008 2653 prope
4028 2570 4095 2636 in
4114 2574 4426 2655 sanguine
4440 2572 4690 2642 Chrmti.

3819 2675 3874 2714 ¹⁴
3885 2675 4024 2759 Ipse
4062 2682 4158 2743 est
4201 2681 4375 2745 enim
4401 2700 4532 2765 pax
4571 2701 4692 2748 no-

3808 2783 3944 2847 stra
4004 2784 4116 2867 qui
4193 2786 4342 2853 fecit
4417 2792 4691 2873 utraque

3809 2907 4013 2954 unum
4057 2893 4123 2956 et
4157 2892 4444 2959 medium
4483 2896 4693 2978 parie-

3807 2997 3940 3060 tem
3997 2996 4362 3064 macheriae
4437 3000 4694 3069 soluens

3818 3100 4235 3169 ¹⁶inimicitias
4254 3104 4322 3169 in
4347 3124 4543 3172 carne
4570 3128 4692 3175 sua

3808 3207 4017 3289 legem
4065 3209 4528 3278 mandatorum
4581 3216 4694 3281 de-

3809 3315 3994 3379 cretis
4029 3333 4371 3398 euacuanS,
4414 3322 4488 3385 ut
4529 3321 4693 3388 duos

3810 3421 4050 3487 condat
4098 3422 4167 3488 in
4223 3429 4428 3491 semet
4482 3427 4691 3511 ipsum

3808 3527 3877 3592 in
3915 3547 4122 3595 unum
4181 3549 4430 3597 nouum
4485 3535 4691 3601 homi·

3810 3652 3962 3699 nem
4003 3635 4246 3702 faciens
4283 3656 4514 3722 pacem

3820 3741 3874 3780 ¹⁶
3884 3744 3950 3807 et
3973 3743 4334 3811 reconciliet
4359 3747 4582 3813 ambos
4615 3749 4678 3814 in

930 4215 1118 4257 eorum
1148 4216 1299 4271 spem
1333 4216 1446 4256 non
1477 4200 1733 4256 habentes
1770 4196 2004 4253 Tei-tull.
2055 4198 2337 4268 pen-syrini
2372 4204 2536 4266 atque
2571 4197 2818 4266 hospites
2864 4200 3307 4251 testamentorum
3358 4200 3412 4249 et
3454 4196 3844 4264 promissionis
3890 4213 4078 4252 eorum
4113 4215 4198 4269 sp.
4235 4216 4348 4255 non
4382 4201 4506 4256 hab.
4542 4199 4692 4257 Gau-

930 4286 1084 4342 dent.
1121 4286 1370 4357 hospites
1408 4290 1853 4340 testamentorum
1887 4289 1941 4340 et
1972 4284 2366 4354 promissionis
2400 4298 2587 4338 eorum
2626 4299 2711 4352 sp.
2747 4299 2802 4337 n.
2837 4282 2962 4337 hab.
2993 4279 3354 4335 Ambrosiast.
3384 4282 3668 4351 pereqrini
3706 4288 4150 4339 testamentorum
4181 4287 4573 4356 promissionis
4607 4305 4694 4359 sp.

930 4390 984 4429 n.
1021 4373 1144 4429 hab.
1173 4371 1399 4427 Hieron.
1430 4371 1713 4442 pereyo-ini
1736 4371 2135 4441 promissionis
2173 4374 2616 4427 testamentorum
2648 4366 2897 4422 Ambros.
2943 4368 3190 4438 hospites
3226 4373 3668 4423 testamentorum
3697 4370 4090 4437 promissionis
4124 4387 4311 4427 eorum
4346 4388 4432 4443 sp.
4472 4390 4526 4429 n.
4563 4375 4695 4432 hab.

932 4458 969 4513 d
988 4473 1048 4527 g.
1134 4458 1182 4512 9.
1235 4458 1295 4512 in
1343 4459 1448 4512 hoc
1479 4455 1684 4510 mundo
1724 4455 1761 4510 d
1812 4455 2106 4520 Gaudent„
2142 4455 2308 4511 Auct.
2342 4455 2412 4511 de
2449 4456 2629 4509 vocat.
2665 4455 2845 4526 gent„
2890 4452 3200 4508 Scholiasta
3232 4451 3409 4518 nien,
3448 4452 3586 4508 Mar.
3621 4452 3919 4518 Victoria..
3955 4455 4107 4510 Beda.
4157 4457 4219 4512 in
4252 4457 4456 4513 mundo
4493 4460 4600 4516 hoc
4632 4476 4694 4531 ς.

935 4543 1017 4599 18.
1054 4544 1403 4599 inimicitiam
1441 4541 1478 4596 d
1498 4556 1543 4610 g·
1578 4540 1802 4596 Hieron.
1874 4541 1956 4596 19.
1998 4542 2059 4596 in
2094 4540 2326 4597 decretis
2359 4555 2405 4610 g·
2443 4540 2729 4605 Anibi-oe„
2765 4538 3150 4606 Ambrosiast„
3185 4539 3324 4593 Mar.
3364 4537 3628 4593 victorin.
3699 4538 3783 4593 21.
3817 4540 4072 4597 conderet
4105 4557 4152 4612 ς
4185 4542 4387 4609 ΗΞΙειτ.,
4424 4544 4697 4613 Ambros„

930 4630 1186 4695 Hieron„
1238 4627 1623 4692 Ambrosiast„
1678 4628 1842 4683 Aust..
1881 4627 1950 4684 de
1990 4626 2256 4697 promise„
2293 4626 2504 4692 SeduL,
2540 4626 2680 4681 Mar.
2715 4624 2982 4680 Victor-in.
3018 4653 3083 4664 -·
3120 4627 3182 4680 in
3215 4640 3272 4680 se
3307 4625 3370 4680 in
3402 4640 3573 4679 unam
3605 4622 3806 4691 Hilar„
3857 4626 4019 4681 Auot.
4066 4628 4119 4682 d.
4170 4628 4417 4698 promise.
4509 4630 4595 4686 24.
4644 4638 4698 4689 et

939 4722 1299 4777 commutaret
1346 4723 1609 4787 imosque
1646 4716 1705 4769 in
1739 4731 1852 4770 uno
1892 4713 1995 4769 hat
2030 4713 2174 4769 auch
2211 4713 2375 4768 Δηοῖ.
2413 4713 2482 4767 de
2518 4711 2767 4782 promise.
2805 4711 2907 4766 col.
2944 4711 3044 4766 149
3069 4724 3105 4765 a
3152 4709 3541 4782 geschrioben,
3589 4726 3675 4766 wo
3714 4711 3806 4766 die
3839 4712 4227 4784 Herausgeber
4273 4722 4338 4771 ut
4386 4718 4699 4774 reconciliet

930 4810 1169 4875 atraque
1203 4804 1265 4858 in
1296 4817 1409 4858 uno
1444 4798 1760 4866 schreiben,
1805 4800 1941 4857 aber
1992 4798 2050 4854 in
2087 4801 2188 4855 der
2224 4798 2683 4855 veretummelten
2716 4797 2912 4853 Lesart
2959 4795 3111 4852 einer
3150 4796 3512 4852 Handschriflz
3564 4803 3617 4854 et
3663 4806 3998 4855 commutare
4048 4798 4175 4870 (sic)
4233 4807 4497 4874 utrosque
4531 4804 4697 4860 inane

929 4890 1054 4963 (sic)
1090 4890 1190 4944 das
1226 4886 1658 4960 Ursprtingliche
1709 4885 2090 4958 durehklingt.
2158 4893 2421 4957 utrosque
2455 4883 2637 4939 haben
2671 4882 2814 4939 noch
2844 4898 2889 4952 g·
2922 4882 3173 4937 Ambros.

934 4976 984 5031 3.
1023 4978 1121 5049 qui
1170 4977 1341 5030 eratis
1387 4973 1453 5028 de
1492 4976 1702 5045 peccat.
1749 4972 1932 5029 merit.
1981 4975 2039 5028 et
2089 4970 2294 5027 remiss.
2333 4972 2380 5035 1,
2426 4971 2496 5025 46
2548 4987 2733 5041 expos.
2779 4968 2939 5039 epist.
2985 4968 3058 5023 ad
3104 4967 3226 5023 Gal.
3263 4968 3331 5022 25
3383 4970 3576 5024 contra
3614 4968 3803 5025 Faust.
3843 4971 3925 5036 12,
3964 4971 4050 5027 24.
4086 5002 4154 5012 —-
4206 4973 4306 5029 illo
4344 4981 4586 5046 tempore
4618 4992 4695 5032 an

932 5062 1039 5118 den
1072 5061 1267 5118 beiden
1305 5064 1484 5117 ersten
1524 5058 1763 5125 Stellen3
1812 5060 2068 5130 dagegen
2114 5059 2214 5113 illo
2249 5059 2309 5112 in
2348 5064 2593 5127 tempore
2627 5057 2821 5110 contra
2863 5054 3049 5109 ranst.
3086 5054 3169 5120 12,
3206 5054 3290 5108 24.
3329 5084 3396 5093 -
3446 5055 3496 5109 5.
3532 5072 3570 5110 a
3603 5058 3862 5112 societate
3898 5073 3973 5112 an
4019 5057 4172 5113 allen
4209 5057 4327 5115 drei
4364 5058 4591 5117 Stellen.
4626 5090 4694 5102 -

933 5148 982 5203 6.
1015 5148 1299 5220 pereyrini
1328 5146 1543 5202 ebenso.
1581 5175 1649 5185 —-
1699 5144 1749 5200 7.
1786 5151 1851 5201 et
1879 5144 2273 5216 promissionis
2306 5159 2459 5215 spem
2506 5142 2575 5197 de
2613 5143 2824 5212 peccat.
2859 5140 3040 5195 merit.
3072 5143 3131 5195 et
3167 5138 3372 5195 remiss.
3418 5141 3463 5205 1,
3499 5140 3568 5194 46
3607 5142 3804 5196 contra.
3838 5141 4025 5198 ranst.
4064 5144 4147 5210 12,
4184 5145 4254 5199 24
4300 5148 4696 5216 promissionis

933 5251 1084 5307 spem
1116 5233 1259 5289 ohne
1293 5241 1345 5288 et
1378 5249 1561 5304 expos.
1596 5230 1758 5303 epist.
1793 5230 1864 5286 ad
1905 5230 2027 5287 Gal.
2058 5230 2141 5285 25.
2180 5260 2246 5269 -
2283 5230 2332 5284 9.
2369 5230 2429 5284 in
2462 5230 2567 5285 hoc
2598 5227 2803 5284 mando
2839 5244 2913 5283 an
2947 5226 3096 5282 allen
3131 5225 3251 5282 drei
3276 5225 3505 5282 Stellen.
3548 5254 3617 5267 ·-
3659 5227 3742 5282 18.
3773 5229 4098 5285 iviimicitias
4133 5230 4206 5285 de
4258 5234 4465 5302 peccat.
4512 5231 4695 5288 merit.

931 5323 992 5376 et
1042 5318 1250 5375 remiss.
1293 5321 1340 5384 1,
1375 5317 1445 5373 46
1498 5318 1558 5373 in
1592 5318 1787 5390 psalm.
1819 5316 1903 5383 71,
1944 5317 1991 5372 1.
2026 5345 2094 5356 —-
2154 5316 2236 5371 19.
2283 5315 2513 5372 decretis
2556 5315 2701 5370 ohne
2723 5316 2794 5383 ,in
2829 5331 2905 5370 an
2941 5313 3138 5370 beiden
3172 5312 3400 5368 Stellen.
3440 5341 3508 5351 —
3545 5311 3631 5367 21.
3668 5312 3925 5369 conderet
3958 5316 4017 5370 in
4051 5331 4110 5371 se
4143 5333 4218 5372 an
4252 5316 4450 5373 beiden
4483 5318 4696 5375 Stellen

932 5408 1044 5462 und
1085 5408 1281 5462 eontra
1312 5404 1499 5460 Faust.
1533 5405 1618 5471 22,
1655 5403 1741 5459 89.
1792 5433 1857 5443 —-
1904 5402 1990 5458 23.
2027 5402 2160 5458 Hier
2197 5402 2272 5456 ist
2306 5401 2455 5458 wohl
2491 5408 2544 5457 et
2588 5418 2658 5455 zu
2692 5398 3006 5466 schreiben3
3062 5399 3235 5473 vergl.
3274 5405 3339 5455 et
3371 5405 3728 5457 commutaret
3760 5405 4024 5470 utrosque
4059 5402 4129 5458 de
4165 5405 4375 5474 peccat.
4410 5404 4596 5461 merit.
4633 5406 4692 5461 et

931 5492 1142 5551 remiss.
1181 5493 1229 5558 1,
1260 5492 1329 5546 46
1369 5494 1565 5547 contra.
1596 5490 1785 5546 must.
1823 5489 1907 5554 22,
1944 5488 2028 5544 89.

934 5582 984 5636 3.
1033 5582 1131 5651 qui
1178 5577 1263 5634 fu.
1304 5609 1370 5618 -
1418 5580 1477 5635 in
1531 5578 1633 5634 illo
1684 5583 1928 5649 tempore
1974 5573 2059 5630 fn.
2135 5575 2184 5629 5.
2233 5574 2653 5630 conuersatione
2701 5570 2770 5626 fu
2804 5586 2904 5641 vg.
2989 5571 3038 5626 6.
3085 5588 3153 5626 zu
3202 5572 3451 5643 hospites
3491 5588 3584 5627 am
3622 5570 3818 5630 Raude
3863 5580 3918 5631 et
3963 5591 4073 5630 von
4122 5576 4373 5645 spueret
4405 5574 4574 5632 Hand
4610 5573 4696 5632 fn.

930 5666 980 5722 9.
1018 5668 1079 5722 in
1113 5667 1259 5723 hunc
1294 5663 1500 5720 mundo
1536 5662 1605 5718 fn
1638 5666 1700 5718 in
1733 5665 1838 5720 hoc
1873 5661 2078 5718 mando
2113 5674 2212 5731 vg.
2287 5659 2370 5715 18.
2402 5660 2698 5716 inimicitia
2735 5656 2820 5715 fn.
2891 5659 2975 5714 21.
3013 5658 3269 5715 conderet
3304 5657 3373 5713 fn
3411 5688 3481 5700 —
3513 5660 3577 5715 in
3613 5666 3778 5717 semet
3809 5662 3937 5732 ipso
3972 5674 4073 5731 νς.

2473 5761 2671 5834 Ephes.
2709 5763 2760 5829 2,
2807 5761 3023 5817 11-16,
