5117 6800
803 1210 897 1281 A

508 1464 768 1530 ωμοσεν
822 1465 908 1514 κσ
960 1470 1069 1511 και
1117 1468 1195 1510 ου

504 1554 1133 1637 μεταμεληθησεται
1180 1637 1186 1642 ι

506 1676 593 1725 συ
651 1674 870 1742 ιερευσ
922 1676 1026 1725 εισ
1078 1681 1194 1723 τον

505 1788 714 1829 ainwa
800 1766 859 1806 ⁸²
870 1789 1041 1829 κατα
1090 1789 1193 1829 το-

507 1865 721 1938 σουτο”
753 1894 863 1934 και
916 1894 1192 1956 nosceta-

505 1994 628 2043 νοσ
659 1978 992 2062 διαθηκησ
1022 2000 1191 2060 γεγο-

504 2106 619 2148 νεν
642 2101 870 2166 εγγυοσ
903 2100 973 2149 ισ
1027 2084 1193 2148 ”xm

505 2212 566 2254 οι
665 2214 792 2274 μεν
883 2190 1192 2255 removeo

508 2315 673 2364 εισιν
721 2314 1059 2380 γεγονοτεσ
1107 2318 1190 2360 ιε-

505 2421 648 2489 ρειο·
679 2405 791 2469 δια
810 2427 887 2467 το
914 2407 1190 2468 sava-tm

504 2513 881 2576 κωλυεσθαι
977 2532 1190 2592 παρα-

505 2641 725 2701 μενειν
801 2618 910 2690 *ἕο
951 2615 1028 2679 δε
1078 2615 1190 2679 δια

502 2749 580 2789 το
601 2745 824 2806 μενειν
848 2744 1049 2786 αυτον
1087 2736 1190 2787 ειο·

502 2853 619 2895 τον
667 2852 875 2893 mmm
932 2849 1189 2909 απαρα-

501 2941 710 3019 βατον
756 2957 889 3016 εχει
937 2956 1057 3016 την
1103 2955 1190 2997 ιε·

504 3058 802 3128 ρωσυνην
937 3041 995 3080 ⁹⁶
1022 3043 1190 3104 σθεν

501 3173 612 3214 και
671 3151 900 3227 σωζειν
955 3162 1059 3213 ειο·
1112 3167 1189 3210 το

502 3256 837 3320 navales
910 3254 1189 3318 δυναται

502 3379 668 3429 τουσ
751 3377 1188 3445 προσερχομε-

500 3486 665 3535 vove
720 3469 787 3533 δι
839 3489 1045 3532 αυτου
1096 3490 1188 3530 τω

500 3579 610 3640 θω
694 3597 986 3639 namon
1066 3577 1189 3653 ζων

503 3697 606 3746 ew
648 3703 726 3744 το
776 3703 1189 3761 ειτυγχανειν

505 3809 673 3868 υπερ
712 3809 930 3850 αυτων
989 3788 1048 3827 ²⁶
1062 3809 1188 3851 τοι·

502 3909 703 3959 ουτοσ
730 3915 851 3975 γαρ
884 3914 1040 3977 ημιν
1080 3916 1190 3958 και

502 4021 797 4082 επρεπεν
847 4020 1187 4081 αρχιερευσ

501 4127 685 4170 cocco
740 4126 987 4169 ακακοσ
1042 4127 1187 4187 αμι-

500 4231 1186 4293 αιτοσκεχωρισμενοσ

498 4338 638 4380 auo
699 4338 832 4379 των
888 4338 1188 4398 αμαρτω-

498 4423 631 4487 λων
701 4445 811 4485 και
870 4422 1186 4511 υψηλοτε-

502 4551 619 4612 ροσ
691 4550 823 4592 των
897 4550 1186 4610 ουρανων

498 4656 849 4717 yet-oneras
890 4635 947 4673 ²⁷
960 4654 1039 4696 οσ
1074 4655 1187 4697 ουκ

1315 1450 1549 1516 iurauit
1600 1450 1898 1515 dominus
1939 1455 2001 1515 et

1314 1576 1440 1621 non
1468 1556 1817 1640 paeniteuit
1848 1575 1999 1620 eum

1313 1664 1388 1727 tu
1441 1681 1508 1728 es
1569 1661 1866 1727 sacerdos
1930 1664 2001 1727 in

2376 1024 2513 1093 139

1314 1771 1676 1845 aeternum3
1745 1768 1804 1808 ²⁸
1816 1772 2000 1834 tanto
2113 1767 2117 1772 ’

1313 1874 1588 1939 melioris
1646 1875 2001 1940 testamenti

1314 1980 1518 2045 factus
1572 1984 1668 2046 est
1731 2000 1999 2063 sponsor

1313 2085 1504 2151 IaeuS.
1639 2085 1797 2151 2⁸Et
1879 2086 2002 2151 alii

1313 2193 1575 2274 quidem
1610 2191 1821 2276 plures
1850 2195 2000 2257 sunt

1313 2298 1463 2363 facti
1477 2297 1836 2363 sacerdotes
1848 2300 2001 2380 quia

1311 2407 1520 2469 morte
1571 2403 2000 2487 prohibeban-

1310 2513 1419 2574 tur
1556 2528 1997 2591 perseuerare;

1316 2615 1374 2653 ²⁴
1386 2614 1491 2679 hic
1587 2616 1806 2679 autem
1888 2616 1998 2698 qui

1312 2723 1533 2786 manet
1575 2721 1641 2785 in
1671 2725 1999 2787 aeternum

1312 2827 1878 2909 intransgressibile
1890 2827 2009 2893 ha-

1310 2934 1420 2998 bet
1460 2932 1909 3012 sacerdotium,

1314 3038 1373 3078 ⁸⁶
1387 3039 1559 3104 unde
1641 3041 1705 3104 et
1783 3038 1995 3103 saluos

1309 3145 1613 3230 perficere
1643 3147 1860 3226 potest
1884 3164 1994 3210 eos

1311 3251 1423 3335 qui
1477 3249 1832 3316 adueniunt
1879 3269 1995 3334 per

1308 3358 1518 3442 ipsum
1616 3357 1706 3423 ad
1806 3357 1994 3424 deum

1314 3484 1567 3548 semper
1629 3465 1857 3530 uiuens
1903 3464 1990 3529 ad

1307 3569 1838 3655 interpellandum
1863 3590 1992 3653 pro

1308 3677 1475 3761 ipsis,

1312 3783 1372 3823 ⁸⁶
1384 3783 1610 3848 Talem
1658 3783 1830 3847 enim
1879 3781 1992 3846 de-

1310 3889 1496 3955 cebat
1564 3908 1682 3954 nos
1757 3886 1991 3953 habere

1308 3997 1656 4080 principem
1696 3993 1992 4060 sacerdo-

1305 4106 1449 4169 tum
1533 4104 1774 4169 iustum
1856 4102 1993 4165 sine

1307 4209 1628 4274 maculam
1703 4208 1993 4273 inconta-

1309 4316 1621 4382 minatum
1730 4333 1995 4398 separa-

1310 4425 1451 4487 tum
1485 4442 1525 4487 a
1558 4421 1995 4505 peccatoribus

1309 4529 1374 4592 et
1395 4527 1696 4593 altiorem
1731 4547 1773 4593 a
1804 4526 1995 4593 caelis

1309 4633 1551 4698 iactum
1621 4634 1679 4673 ²⁷
1692 4653 1825 4700 non
1875 4634 1996 4700 ha-

2115 2824 2152 2864 *
2224 2822 2796 2906 Intransgressibile

2114 2930 2315 2995 habet
2353 2928 2800 3008 sacerdotium,

2114 3036 2289 3102 unde
2332 3040 2397 3101 et
2417 3035 2630 3102 saluos
2656 3054 2801 3118 per-

2115 3142 2302 3208 ficere
2402 3144 2612 3226 potest
2691 3160 2800 3205 eos

2114 3252 2233 3333 qui
2274 3250 2631 3316 adueniunt
2684 3266 2800 3331 per

2114 3358 2323 3443 ipsum
2416 3357 2503 3424 ad
2602 3355 2798 3421 deum

2112 3484 2364 3548 semper
2432 3465 2658 3530 uiuens
2711 3460 2800 3527 ad

2111 3570 2648 3662 interpellandum
2681 3586 2800 3652 pro

2113 3677 2278 3763 ipsis.

2111 3783 2335 3849 Talem
2388 3783 2562 3848 enim
2614 3778 2799 3844 dece-

2112 3891 2227 3956 bat
2325 3889 2569 3955 habere
2677 3905 2797 3952 nos

2112 3996 2463 4081 principem
2502 3994 2796 4059 sacerdo·

2112 4108 2255 4168 tum
2325 4103 2565 4167 iustum
2659 4100 2796 4165 sine

2112 4208 2354 4276 malitia
2416 4208 2798 4274 incontami-

2113 4318 2342 4381 natum
2430 4316 2798 4399 separatum

2114 4440 2157 4486 a
2211 4421 2649 4505 peccatoribus
2704 4418 2798 4485 al-

2112 4528 2340 4593 tiorem
2372 4549 2417 4594 a
2445 4528 2633 4593 caelis
2666 4528 2798 4593 fac-

2113 4639 2256 4701 tum
2285 4655 2419 4700 non
2448 4635 2795 4700 habentem

2924 1446 3157 1511 iurauit
3199 1447 3496 1512 dominus
3546 1451 3612 1514 et

2922 1569 3055 1616 non
3077 1553 3424 1634 paenitebit
3458 1572 3608 1620 eum

2923 1662 2995 1722 tu
3129 1678 3198 1723 es
3315 1660 3608 1725 sacerdos

2920 1765 2987 1828 in
3030 1768 3396 1842 aeternum;
3475 1767 3607 1831 ²⁸in

2920 1874 3174 1936 tantum
3335 1872 3607 1937 melioris

2919 1978 3283 2042 testamenti
3338 1997 3607 2061 sponsor

2919 2083 3123 2148 factus
3143 2087 3238 2148 est
3254 2083 3440 2148 Iesus.
3469 2084 3605 2149 ²⁸Et

2917 2189 3026 2255 alii
3076 2189 3359 2273 quidem*
3393 2189 3604 2274 plu‘roe

2918 2296 3064 2361 facti
3081 2300 3232 2361 sunt
3245 2296 3603 2362 sacerdotes

2915 2403 3150 2468 idcirco
3177 2402 3352 2485 quod
3395 2405 3602 2474 morte

2917 2509 3407 2594 prohiberentur
3461 2527 3603 2591 per-

2915 2635 3213 2692 manere;
3275 2613 3444 2679 ²⁴hic
3486 2633 3602 2679 au-

2915 2726 3045 2787 tem
3102 2742 3180 2787 eo
3229 2721 3404 2804 quod
3461 2740 3602 2785 ma·
3643 2745 3647 2752 ·

2915 2831 3067 2894 neat
3134 2829 3201 2892 in
3264 2831 3597 2892 aeternum

2913 2935 3370 3018 sempiternum
3405 2932 3603 2996 habet

2913 3040 3356 3117 sacerdotium,
3370 3036 3601 3102 nunde

2914 3150 2979 3213 et
3029 3146 3280 3211 saluare
3335 3145 3401 3209 in
3456 3163 3600 3226 per-

2913 3256 3106 3338 petuo
3171 3254 3380 3336 potest
3420 3269 3601 3316 acce-

2912 3361 3138 3427 dentes
3204 3378 3319 3444 per
3396 3359 3598 3424 semet

2911 3469 3123 3552 ipsum
3222 3467 3308 3532 ad
3402 3465 3596 3531 deum

2911 3593 3162 3657 semper
3228 3574 3454 3640 uiuens
3509 3570 3596 3636 ad

2895 3680 3449 3764 interpellandum
3481 3696 3598 3761 pro

2913 3787 3018 3852 eis.
3105 3786 3163 3825 2⁶
3175 3785 3348 3851 Talis
3425 3784 3598 3850 enim

2913 3893 3184 3959 decebat
3269 3894 3344 3957 ut
3414 3889 3598 3956 nobis

2911 4003 3073 4065 efflet
3106 3998 3389 4082 pontifex
3412 4015 3597 4062 sanc-

2910 4108 3014 4171 tus
3056 4107 3360 4171 innocens
3387 4100 3594 4185 inpol-

2911 4211 3083 4277 lutus
3134 4211 3498 4294 segregatus
3555 4224 3597 4271 a

2912 4317 3186 4401 peccatis
3206 4319 3271 4381 et
3297 4316 3598 4380 excelsior

2911 4422 3099 4488 caelis
3139 4421 3362 4500 factus,

2912 4635 3081 4718 ²'‘qui
3103 4652 3234 4699 non
3263 4634 3462 4701 habet
3486 4653 3593 4699 co-

3727 1341 3958 1406 iurauit
4008 1341 4305 1407 dominus
4349 1346 4415 1409 et

3724 1464 3857 1511 non
3911 1448 4276 1530 paenitebit·
4336 1453 4412 1515 tu'

3723 1570 3791 1617 es
3831 1553 4127 1618 sacerdos
4166 1554 4231 1618 in
4268 1574 4409 1637 per-

3722 1661 3934 1742 petuo·
4053 1660 4410 1726 secundum

3720 1765 4009 1830 ordinem
4082 1765 4407 1832 Melchise-
4457 1777 4490 1832 5

3721 1871 3857 1936 dec·
3901 1876 3966 1936 et
4018 1872 4160 1937 id'eo
4219 1877 4404 1939 tanto

3719 1978 3958 2044 melior·
4041 1982 4404 2045 testamenti

3719 2085 3924 2150 factus
3980 2088 4074 2149 ost
4115 2104 4399 2167 sponsor·

3718 2190 3906 2255 Iesus·
3952 2193 4015 2255 et
4030 2189 4115 2254 illi
4140 2191 4401 2273 quidem

3719 2297 3930 2381 plures
4027 2298 4485 2365 sacerdotes-10

3717 2403 3864 2470 facti
3885 2406 4036 2469 sunt
4063 2403 4204 2468 ideo
4226 2404 4401 2486 quod

3716 2514 3940 2576 morte.
3991 2510 4401 2594 prohiberen-

3716 2620 3823 2682 tur
3864 2634 4260 2700 permanere·

3716 2723 3814 2787 his
3855 2726 4072 2788 autem
4110 2743 4187 2787 eo
4226 2724 4398 2805 quod

3715 2832 3977 2894 maneat
4018 2829 4082 2892 in
4116 2833 4396 2894 aeterno·
4419 2846 4482 2900 15

3712 2935 4171 3017 sempiternum
4204 2934 4399 3001 habet

3713 3041 4155 3108 sacerdotium·

3712 3148 3886 3215 unde
3941 3149 4005 3211 et
4045 3146 4275 3212 saluos·
4328 3150 4396 3213 in

3712 3258 4092 3338 perpetuum
4216 3256 4395 3337 potes

3712 3361 3937 3427 facere·
3974 3359 4391 3427 accendentes
4409 3368 4479 3423 20

3711 3487 3826 3551 per
3844 3468 4054 3550 ipsum
4071 3466 4155 3531 ad
4178 3466 4390 3533 deum.

3710 3592 3961 3657 semper
3980 3572 4225 3638 uiuens·
4259 3574 4394 3639 and

3711 3679 4110 3745 exorandum
4140 3699 4256 3762 pro
4276 3680 4391 3745 his·

3709 3784 3852 3851 talis
3932 3786 4103 3850 enim
4189 3787 4389 3853 nobis·

3710 3891 3977 3958 decebat
4082 3892 4392 3958 sacerdos·
4409 3894 4477 3951 25

3708 3997 3910 4063 iustus
3952 3999 4258 4064 innocens
4297 4000 4395 4065 in·

3709 4103 4086 4169 maculatus·
4186 4124 4395 4186 segre-

3709 4213 3913 4290 gatus.
3966 4230 4008 4274 a
4049 4211 4396 4293 peccatori-

3709 4314 3847 4379 bus·
3941 4318 4006 4378 et
4094 4316 4393 4382 excelsior

3711 4420 4008 4486 caelestis·
4054 4421 4273 4487 factus·
4408 4427 4476 4482 30

3712 4634 3820 4716 qui
3862 4652 3994 4697 non
4031 4633 4229 4698 habet
4257 4637 4390 4700 cot-

497 4774 564 4831 Ᾰ
634 4775 685 4829 4.
720 4793 795 4826 na
829 4794 918 4825 τον
955 4792 1114 4824 amm
1164 4770 1330 4842 (fehlt
1364 4771 1469 4840 Σ*)
1504 4770 1546 4827 C
1600 4773 1714 4826 und
1750 4772 1784 4826 2
1822 4772 2060 4830 Minuslt.
2124 4795 2198 4827 aa
2249 4796 2299 4829 τ.
2334 4796 2474 4829 amu.
2523 4795 2654 4827 κατα
2690 4795 2786 4843 την
2823 4776 2966 4833 tatu·
3015 4774 3306 4840 μελχισεδα
3341 4770 3811 4826 SeADEKLP.
3895 4773 3942 4824 5.
3991 4792 4122 4823 κατα
4171 4792 4390 4825 vocamen

636 4858 806 4930 (wohl
841 4858 1103 4914 verderbfi
1138 4874 1240 4912 aus
1273 4861 1414 4909 καθα
1450 4877 1701 4923 vocantes,
1750 4858 1861 4929 vgl.
1908 4859 1971 4914 d:
2020 4859 2181 4916 ideo
2222 4861 2401 4930 tanto)
2447 4860 2581 4915 D‘P
2627 4881 2758 4913 κατα
2807 4880 2896 4913 τοο
2896 4881 3014 4913 ooooo
3066 4859 3220 4929 (oder
3270 4858 3539 4927 τοοουιον)
3587 4860 3641 4908 Σ
3653 4858 3701 4912 Α
3719 4856 4022 4913 CDCEKL
4094 4858 4142 4912 6.
4172 4878 4255 4909 και
4291 4874 4391 4913 vor

634 4965 915 5016 κρειττονοσ
952 4942 1097 4999 fehlt
1130 4946 1204 4994 20
1222 4941 1601 4999 C⁶DEKLR
1688 4943 1769 4998 19.
1807 4946 2006 4997 domm
2039 4945 2128 5000 B‘.
2198 4946 2281 5001 25.
2319 4967 2403 4998 και
2437 4964 2537 5002 vor
2572 4965 2791 5016 επρεπυ
2823 4946 2969 5002 fehlt
2998 4944 3283 5000 ΣΟΚΒΡ
3317 4943 3607 5015 koptinch„
3659 4959 3885 5008 armen„
3920 4942 4130 5013 atffiop.
4167 4943 4389 4999 Uebers.

495 5032 567 5087 B
640 5032 688 5086 1.
724 5033 847 5101 ipse
875 5031 1138 5101 princeps
1175 5034 1258 5084 est
1285 5027 1632 5084 sacerdotum
1663 5045 1922 5099 maynus3
1954 5037 2122 5100 pater
2154 5034 2373 5088 iurauit
2409 5032 2477 5088 de
2510 5049 2573 5088 eo
2610 5032 2820 5088 dicens:
2857 5038 2919 5088 tu
2956 5046 3014 5086 es
3038 5029 3297 5087 sacerdos
3331 5032 3391 5084 in
3425 5035 3704 5085 aeternum
3736 5028 3984 5082 Ambros.
4057 5029 4106 5082 6.
4147 5030 4391 5085 melioris

637 5116 945 5172 testamenti
968 5115 1166 5185 saeuas
1201 5121 1282 5170 est
1315 5130 1555 5184 sponsor
1590 5113 1725 5168 ibid.
1808 5114 1859 5169 8.
1894 5116 2002 5170 alii
2036 5119 2364 5188 temporales
2399 5134 2583 5175 omnes
2616 5118 2718 5174 sub
2747 5122 2974 5188 peccato
3010 5155 3141 5171 .....
3192 5131 3376 5170 omnes
3421 5116 3522 5170 sub
3556 5122 3727 5170 morte
3763 5113 3898 5168 ibid.
3973 5114 4055 5167 13.
4084 5115 4176 5170 hic
4208 5120 4392 5169 autem

634 5201 1152 5272 impraeuaricabile
1200 5201 1363 5256 habet
1410 5200 1780 5256 sacerdotium
1814 5199 1947 5255 ibid.
1998 5205 2121 5273 ipse
2160 5205 2548 5274 sempiternum
2595 5204 2759 5259 habet
2799 5202 3169 5259 sacerdotium
3207 5201 3373 5256 Auct.
3409 5200 3560 5256 XLII
3594 5216 3750 5254 mans
3855 5200 3934 5254 19.
3985 5198 4244 5255 accedens
4286 5214 4392 5270 per

635 5294 800 5343 semet
832 5288 1017 5358 ipsum
1054 5286 1131 5342 ad
1165 5286 1325 5342 deum
1360 5284 1545 5341 Sedul.
1616 5285 1703 5340 21.
1750 5301 1964 5358 semper
2007 5290 2205 5344 uincens
2250 5288 2328 5344 ad
2369 5287 2832 5358 interpellandum
2856 5304 2967 5359 pro
3015 5288 3173 5344 nobis
3209 5287 3371 5342 Auot.
3408 5286 3558 5341 XLII
3600 5302 3773 5340 mans.
3838 5287 3927 5341 hie
3964 5291 4145 5341 autem
4182 5301 4393 5355 semper

632 5375 830 5429 niuem
866 5374 1129 5443 quoniam
1164 5374 1264 5443 qui
1295 5372 1521 5440 salutare
1554 5372 1701 5427 alios
1729 5378 1917 5442 potest
1953 5373 2204 5428 Ambrae.
2270 5374 2355 5429 24.
2410 5376 2542 5430 talis
2577 5376 2719 5430 enim
2753 5376 2848 5445 (an
2883 5373 3036 5429 einer
3078 5372 3323 5429 anderen
3361 5372 3535 5428 Stelle
3571 5373 3724 5445 erqo)
3772 5373 3929 5429 nobis
3967 5372 4190 5427 decebat
4231 5374 4391 5444 prin-

632 5475 759 5529 ceps
793 5457 1051 5514 sacerdos
1078 5465 1264 5514 iusms
1295 5463 1521 5514 sanem
1554 5460 1813 5513 innocens
1852 5458 2241 5515 immaculatus
2286 5467 2601 5532 seyr-egatus
2636 5476 2673 5516 a
2707 5461 3088 5532 peccatoribus
3133 5467 3186 5515 et
3231 5460 3499 5515 excelsior
3545 5460 3714 5516 caelis
3746 5460 3945 5530 faetus
3992 5458 4245 5514 Ambroa.

498 5545 558 5601 (3
638 5543 668 5574 ¹*
702 5543 772 5598 de
804 5544 1013 5612 peccat.
1050 5543 1231 5600 merit.
1268 5545 1328 5599 et
1361 5540 1566 5599 remiss.
1608 5544 1655 5608 1,
1691 5534 1777 5597 5'0.
2466 5542 2471 5547 ’
3895 5552 3906 5562 ·

494 5631 565 5685 1)
636 5629 687 5683 3.
719 5628 1034 5698 paenetebit
1064 5628 1150 5684 fu.
1256 5629 1340 5685 23.
1371 5645 1481 5700 pro
1516 5631 1675 5685 nobis
1709 5643 1809 5699 vg.
1917 5628 2001 5683 29.
2038 5630 2420 5699 peccatoribus
2455 5629 2524 5684 fu
2559 5644 2658 5698 vg.

491 5715 555 5772 Β
631 5716 682 5769 3.
715 5716 776 5770 in
809 5721 1136 5785 perpetuum
1174 5715 1301 5770 Sab.
1375 5716 1455 5770 15.
1492 5716 1553 5771 in
1593 5722 1869 5770 aeternum
1911 5713 2034 5769 Sab.
2108 5715 2191 5769 19.
2221 5722 2406 5786 potest
2436 5715 2559 5770 Sab.
2632 5714 2719 5769 20.
2753 5715 3066 5773 accedentes
3101 5716 3227 5771 Sab.
3298 5716 3383 5771 22.
3422 5715 3499 5771 ad
3534 5715 3659 5771 Sab.
3731 5715 3815 5770 30.
3846 5716 4013 5771 coelis
4047 5714 4173 5769 Sab.

2183 5799 2349 5856 Hebr.
2382 5802 2431 5865 7,
2479 5801 2704 5855 21-27,
