5117 6800
874 1066 967 1136 A

492 1204 851 1284 φανερωθη
967 1198 1020 1237 ²¹
1043 1219 1146 1260 αει
1241 1218 1360 1278 γαρ

480 1296 674 1391 ὴμεισ
722 1329 783 1369 οι
824 1308 1063 1383 ζωντεσ
1104 1324 1205 1367 eto·
1233 1308 1362 1367 θα-

482 1436 684 1478 von-or
707 1410 1226 1493 παραδιδομεθα
1248 1410 1361 1472 δια

484 1543 548 1585 ιν
589 1543 696 1583 ινα
737 1541 844 1581 και
887 1539 923 1601 η
969 1520 1093 1598 ζωη
1142 1537 1259 1578 του
1293 1538 1359 1578 w

483 1629 844 1711 φανερωθη
896 1647 967 1686 εν
1010 1646 1090 1705 τη
1141 1626 1360 1705 &nstv

487 1754 674 1811 σαρκι
749 1753 932 1814 ημων
1027 1731 1261 1793 umore
1323 1752 1359 1792 o

482 1842 790 1902 θανατοσ
846 1860 918 1899 εν
977 1858 1131 1920 ημιν
1187 1857 1358 1915 eveo-

482 1966 687 2026 γειται
728 1966 769 2027 η
814 1943 890 2005 δε
934 1946 1058 2026 ζωη
1100 1964 1174 2004 εν
1205 1962 1360 2023 υμιν

491 2052 545 2092 ¹⁸
561 2072 825 2131 εχοντεσ
905 2050 981 2112 δε
1047 2071 1125 2112 το
1195 2070 1358 2111 mo

481 2179 748 2238 πνευμα
842 2176 965 2237 τησ
1065 2175 1355 2218 menam

478 2287 648 2328 κατα
742 2285 819 2325 το
916 2284 1357 2343 γεγραμμεναν

477 2390 839 2435 επιστευσα
914 2369 1018 2431 διο
1071 2368 1356 2451 ελαλησα

477 2500 587 2540 και
660 2496 853 2559 ημεισ
957 2495 1356 2555 monnone-v

480 2584 712 2646 διο.και
756 2571 1081 2662 λαλοῦμεν

484 2690 804 2753 14ειδοτεσ
858 2710 960 2750 οτι
1016 2709 1051 2749 o
1099 2706 1354 2767 εγειρασ

475 2818 591 2859 τον
644 2818 706 2858 ιν
746 2817 854 2857 και
888 2814 1070 2875 ημασ
1127 2814 1245 2857 συν
1291 2815 1354 2854 w

477 2924 681 2983 εγερει
755 2922 863 2963 και
945 2919 1355 2981 παραστησει

480 3028 600 3070 συν
644 3029 799 3086 van*

486 3112 638 3174 1ιὶτα
664 3135 786 3193 γαρ
822 3134 1048 3174 nawa
1082 3110 1148 3173 δι
1178 3130 1353 3189 υμασ

478 3242 585 3283 ινα
627 3242 667 3302 η
709 3240 900 3299 χαρισ
928 3218 1355 3281 πλεοτάσασα

481 3325 593 3388 δια
652 3347 782 3387 των
851 3324 1171 3387 πλειονων
1236 3344 1356 3405 την

478 3454 891 3514 ευχαριστιαν
959 3451 1355 3512 περισσευση

481 3561 580 3603 eto
641 3561 758 3622 την
816 3540 1020 3615 δοξαν
1086 3559 1203 3600 του
1259 3540 1356 3600 &v

486 3646 541 3685 ¹⁶
555 3645 658 3707 διο
759 3668 872 3707 ουκ
965 3666 1358 3725 εγκακουμεν

475 3751 597 3814 αλλ
655 3774 712 3815 ει
762 3773 870 3812 και
932 3773 966 3812 o
1009 3753 1134 3825 εξω
1172 3771 1356 3833 ημων

475 3861 844 3936 ανθρωποσ
896 3857 1357 3939 ‹itaq-&emerat

478 3963 601 4025 αλλ
644 3986 678 4025 o
721 3985 848 4028 εσω
875 3985 1059 4046 ημων
1094 3985 1357 4025 aranac-

474 4090 698 4132 νουται
742 4092 954 4152 ημερα
997 4092 1103 4132 και
1147 4091 1355 4152 ημερα

472 4291 543 4346 A
616 4289 696 4343 16.
746 4309 833 4339 τον
879 4309 937 4340 κν
985 4310 1034 4339 ιν

1077 4287 1604 4343 Z'CDEFGKLP.
1688 4288 1767 4342 19.

1491 1197 1943 1262 manifestetm.
2032 1196 2085 1232 ¹¹
2101 1193 2370 1277 Semper

1490 1322 1610 1368 nos
1651 1303 1764 1386 qui
1800 1302 2077 1367 uiuimus
2101 1300 2169 1365 in
2197 1320 2368 1365 mor-

1489 1412 1623 1474 tem
1704 1409 2017 1474 tradimur
2059 1459 2065 1469 .
2110 1410 2369 1489 propter

1489 1517 1727 1596 Iesum,
1789 1518 1863 1580 ut
1918 1518 1984 1579 et
2038 1514 2172 1579 uita
2229 1515 2368 1579 Iesu

1489 1623 1924 1687 manifestetur
2011 1621 2080 1684 in
2177 1639 2367 1685 carne

1489 1728 1741 1793 mortali
1781 1731 2033 1806 nostra,
2105 1727 2255 1792 ¹²ita
2294 1731 2368 1792 ut

1489 1855 1661 1901 mors
1716 1836 1783 1899 in
1842 1834 2026 1899 nobis
2071 1838 2365 1917 operetur

1488 1942 1624 2007 uita
1710 1945 1930 2006 autem
2015 1940 2082 2003 in
2163 1940 2361 2005 uobiS.

1496 2050 1550 2089 ¹⁸
1564 2048 1891 2113 Habentes
1950 2049 2168 2112 autem
2210 2066 2362 2112 eun-

1487 2156 1639 2221 dem
1661 2154 1951 2237 spiritum
1970 2153 2116 2217 fidei
2136 2172 2362 2219 secun-

1487 2261 1643 2325 dum
1683 2260 1857 2343 quod
1896 2260 2198 2324 scribtum
2237 2263 2359 2323 est:

1485 2366 1722 2432 credidi
1759 2368 2022 2449 propter
2063 2365 2237 2447 quod
2267 2365 2361 2429 lo-

1486 2477 1670 2537 cutus
1710 2491 1874 2550 sum,
1911 2475 1975 2535 et
2008 2490 2124 2535 nos
2161 2472 2360 2535 credi-

1485 2598 1627 2643 mus
1714 2581 1972 2661 propter
2057 2578 2233 2659 quod
2295 2582 2362 2643 et

1483 2685 1805 2769 loquimur
1854 2683 2172 2748 “scientae
2199 2705 2360 2767 quo·

1485 2792 1661 2856 niam
1683 2791 1792 2874 qui
1813 2791 2137 2855 suscitauit
2154 2790 2357 2856 Iesum

1487 2902 1552 2962 et
1594 2918 1712 2962 nos
1737 2915 1884 2963 cum
1921 2896 2058 2960 Iesu
2099 2901 2362 2962 suscita-

1485 3004 1579 3067 bit
1621 3007 1684 3069 et
1714 3009 1886 3070 stare
1924 3005 2110 3070 faciet
2148 3005 2361 3069 uobis-

1486 3130 1653 3176 cum.
1792 3113 1845 3150 ¹⁵
1869 3112 2103 3177 Omnia
2189 3111 2360 3175 enim

1486 3220 1745 3300 propter
1799 3238 1916 3284 uos
1932 3266 1947 3295 ‚
2036 3220 2108 3283 ut
2156 3219 2363 3300 gratia

1487 3322 1826 3388 abundans
1860 3344 1973 3408 per
2013 3323 2361 3389 multarum

1488 3432 1835 3512 gratiarum
1889 3432 2204 3495 actionem
2245 3432 2363 3496 ab·

1489 3537 1690 3602 undet
1764 3537 1832 3602 in
1911 3539 2176 3619 gloriam
2241 3538 2362 3603 dei.

1497 3644 1549 3682 ¹⁶
1567 3644 1834 3726 Propter
1872 3645 2045 3726 quod
2089 3664 2222 3709 non
2265 3645 2363 3709 in-

1487 3751 1833 3827 firmemur,
1866 3751 1981 3815 sed
2006 3752 2067 3816 si
2101 3750 2366 3816 exterior

1488 3857 1684 3921 homo
1742 3860 1961 3921 noster
2012 3859 2362 3941 corrumpi-

1488 3967 1614 4040 tur,
1648 3963 1760 4027 sed
1788 3963 2045 4028 interior
2089 3983 2363 4030 renoua-

1489 4075 1595 4134 tur
1650 4070 1730 4134 de
1810 4070 1911 4133 die
1978 4070 2044 4134 in
2107 4071 2294 4136 diem.

2394 877 2585 945 97.

2484 2061 2519 2100 *
2537 2061 2867 2126 Habentes
2921 2066 3139 2129 autem
3200 2084 3359 2130 eun·

2484 2166 2630 2231 dem
2663 2168 2950 2250 spiritum
2972 2170 3118 2234 fidei
3134 2189 3358 2236 secun-

2482 2273 2645 2338 dum
2674 2275 2847 2357 quod
2887 2276 3191 2359 scriptum
3233 2280 3356 2341 est:

2483 2379 2721 2444 credidi
2763 2384 3023 2463 propter
3064 2383 3237 2466 quod
3265 2382 3358 2447 lo-

2482 2490 2668 2550 cutus
2707 2506 2871 2564 sum,
2914 2492 2982 2553 et
3006 2507 3124 2553 nos
3158 2489 3358 2554 credi-

2481 2612 2626 2657 mus
2709 2598 2969 2676 propter
3050 2596 3224 2678 quod
3294 2598 3360 2660 et

2480 2698 2817 2782 loquimur.

2757 3753 2793 3792 *
2812 3752 2839 3791 ²
2878 3752 2946 3817 Si
2989 3756 3053 3817 et
3094 3755 3364 3819 exterior

2485 3860 2683 3926 homo
2694 3862 2909 3924 noster
2920 3861 3362 3943 corrumpitur,

2483 3967 2599 4032 sed
2628 3966 2888 4031 interior
2906 3970 3256 4032 renouatur
3281 3967 3362 4032 de

2487 4073 2587 4137 die
2634 4073 2703 4136 in
2761 4073 2948 4136 diem.

1822 4291 1973 4340 TAP
2025 4290 2099 4344 Β*
2133 4308 2235 4345 aus
2270 4272 2569 4348 Ver-schem.

3495 1200 3947 1264 manifestetur.
4036 1203 4089 1241 ¹¹
4107 1203 4370 1287 Semper

3496 1305 3666 1369 enim
3693 1323 3812 1369 nos
3839 1307 3946 1388 qui
3995 1308 4271 1376 uiuimus
4301 1312 4367 1376 in

3492 1413 3764 1475 mortem
3778 1412 4094 1478 tradimur
4108 1420 4368 1499 propter

3492 1516 3724 1595 Iesum,
3789 1521 3861 1583 ut
3918 1522 3983 1582 et
4040 1522 4177 1586 uita
4226 1523 4366 1587 Iesu

3492 1624 3928 1690 manifestetur
4022 1628 4090 1691 in
4172 1648 4365 1694 carne
4382 1625 4415 1679 5

3491 1732 3708 1794 nostra
3774 1731 4041 1796 mortali.
4133 1733 4185 1771 ¹²
4199 1732 4364 1816 Ergo

3492 1854 3665 1899 mors
3708 1835 3771 1898 in
3819 1836 4003 1901 nobis
4065 1843 4365 1921 operatur

3492 1941 3626 2005 uita
3710 1945 3929 2006 autem
4012 1944 4078 2006 in
4162 1945 4363 2011 uobis.

3499 2047 3551 2087 ¹³
3564 2047 3888 2112 Habentes
3941 2051 4157 2113 autem
4208 2071 4363 2116 eun-

3489 2154 3639 2220 dem
3679 2154 3970 2237 spiritum
4017 2155 4166 2221 fidei
4202 2158 4364 2222 sicut
4383 2162 4449 2217 lo

3488 2262 3792 2343 scriptum
3888 2266 4011 2327 est:
4131 2264 4365 2328 credidi

3485 2371 3743 2450 propter
3837 2369 4010 2451 quod
4117 2370 4364 2435 locutus

3488 2493 3663 2552 sum,
3747 2478 3812 2537 et
3864 2494 3982 2539 nos
4049 2476 4364 2541 credimus

3489 2583 3749 2663 propter
3816 2580 3991 2662 quod
4047 2585 4110 2645 et
4161 2583 4364 2665 loqui-

3488 2706 3636 2751 mur
3691 2686 3745 2725 ¹⁴
3758 2686 4024 2751 scientes
4057 2690 4364 2771 quoniam
4384 2692 4448 2746 15

3491 2793 3600 2874 qui
3652 2792 3977 2858 suscitauit
4035 2794 4245 2859 Iesum
4300 2800 4367 2860 et

3489 2918 3608 2963 nos
3649 2899 3978 2964 suscitauit
4033 2919 4181 2964 cum
4225 2902 4364 2967 Iaeu

3491 3008 3555 3070 et
3620 3007 3958 3070 constituet
4012 3006 4361 3071 uobiscum.

3500 3110 3797 3176 ¹⁶Omnia
3867 3111 4037 3176 enim
4108 3116 4366 3195 propter

3491 3238 3627 3296 uos,
3670 3220 3744 3281 ut
3772 3219 3978 3297 gratia
4022 3217 4365 3284 abundans
4379 3214 4449 3271 2⁰

3491 3344 3607 3408 per
3690 3324 3925 3388 multos
4016 3324 4365 3406 gratiarum

3493 3431 3741 3494 actione
3798 3431 4086 3496 abundet
4125 3431 4191 3495 in
4232 3431 4365 3513 glo-

3494 3539 3656 3601 riam
3716 3536 3835 3601 dei.

3502 3643 3838 3726 ¹⁶Propter
3869 3642 4044 3725 quod
4083 3662 4216 3706 non
4254 3642 4367 3707 de·

3494 3751 3760 3829 ficimuS,
3821 3749 3935 3814 sed
3990 3750 4131 3814 licet
4168 3750 4221 3812 is
4258 3749 4452 3831 qui25

3493 3858 3641 3923 foris
3654 3860 3750 3922 est
3772 3860 3986 3922 noster
4004 3854 4200 3920 homo
4233 3875 4369 3921 cor·

3494 3964 3839 4047 rumpitur,
3895 3966 4114 4027 tamen
4163 3963 4215 4025 is
4258 3962 4371 4044 qui

3494 4073 3664 4136 intus
3723 4072 3819 4134 est
3886 4070 4233 4133 renouatur
4285 4068 4368 4132 de

472 4394 542 4449 ΙΙ
615 4391 699 4445 10.
734 4391 1024 4445 secundum
1066 4391 1215 4460 quod
1249 4407 1293 4458 g·
1324 4391 1684 4446 Ambrosiast.
1757 4392 1841 4447 21.
1887 4409 1993 4463 per
2040 4395 2339 4449 multorum
2368 4398 2682 4467 ⁸oratiarum
2720 4397 2991 4450 actionem
3029 4391 3387 4447 Ambrosiast.
3439 4388 3553 4461 vgl.
3602 4390 3775 4442 unten
3826 4405 3895 4441 zu
3944 4387 3978 4440 2
4013 4386 4131 4442 Gor.
4180 4388 4231 4452 9,
4274 4388 4367 4454 123

604 4495 712 4548 per
751 4477 1052 4546 plurimam
1096 4480 1408 4546 gratiarum
1456 4479 1724 4532 act-ionem
1773 4493 1818 4544 g·
1861 4495 1967 4548 per
2016 4480 2218 4534 multoe
2251 4482 2569 4550 qratiarum
2617 4481 2885 4535 actionem
2922 4478 2988 4542 d;
3035 4477 3147 4548 vgl.
3186 4478 3297 4532 den
3329 4474 3642 4545 Freisinger
3676 4473 3819 4528 Text
3866 4490 3935 4525 zu
3972 4473 4005 4527 2
4040 4471 4159 4526 Cor.
4198 4472 4246 4536 9,
4289 4473 4369 4527 12.

609 4562 694 4616 25.
743 4561 840 4616 sed
889 4563 940 4617 si
975 4568 1027 4616 et
1062 4564 1306 4615 exterior
1338 4569 1523 4616 noster
1557 4565 1719 4617 homo
1756 4566 2132 4634 corrumpitur
2167 4564 2263 4620 sed
2309 4568 2542 4620 interior
2578 4572 2765 4622 noster
2802 4571 3108 4619 renouatur
3147 4579 3191 4630 g*
3239 4579 3369 4617 nam
3414 4563 3517 4617 etei
3563 4563 3724 4615 homo
3758 4566 3944 4613 nosoer
3975 4558 4216 4612 exterior
4251 4575 4369 4613 cor-

610 4648 890 4718 rumpitur
923 4646 1019 4702 eed
1067 4649 1300 4701 interior
1332 4656 1637 4703 renouatur
1673 4649 1904 4703 Tertull.
1961 4649 2057 4704 sed
2107 4652 2210 4706 etei
2245 4654 2489 4706 exterior
2522 4654 2683 4706 homo
2714 4658 2906 4716 noster
2940 4651 3181 4704 uitiatur
3218 4648 3313 4704 sed
3348 4649 3581 4703 interior
3627 4651 3931 4701 renouatur
3970 4642 4103 4697 ibid.
4157 4651 4210 4699 et
4246 4645 4373 4700 licet

612 4736 663 4788 si
713 4735 956 4788 exterior
990 4735 1151 4788 homo
1200 4740 1385 4787 noster
1433 4738 1810 4804 corrumpitur
1845 4736 1940 4790 sed
1988 4737 2220 4790 interior
2267 4744 2574 4792 renouatur
2628 4736 2709 4806 (in
2759 4736 2857 4790 der
2903 4734 3210 4790 rbmischen
3264 4733 3522 4804 Ausgabe
3579 4731 3655 4786 ist
3700 4731 3791 4786 die
3838 4730 4009 4785 Stelle
4063 4728 4223 4783 mehr
4271 4731 4372 4785 der

613 4818 866 4889 Vulgata
900 4818 1225 4889 angepasst)
1264 4818 1624 4873 Ambrosiast.
1671 4823 1722 4874 ei
1758 4824 2000 4876 exterior
2033 4825 2195 4877 homo
2233 4830 2419 4877 noster
2450 4825 2830 4893 corrumpitur
2865 4822 2961 4877 sed
3011 4823 3247 4876 interior
3280 4826 3585 4875 renouatur
3613 4818 3836 4873 Hieron.
3890 4818 3993 4870 etsi
4021 4816 4175 4884 foris
4208 4818 4370 4871 homo

609 4912 794 4960 noster
834 4906 1209 4974 corrumpitur
1247 4904 1343 4960 sed
1379 4912 1688 4960 renouatur
1717 4908 1950 4960 interior
1987 4907 2235 4962 Ambros.
2314 4908 2380 4962 In
2412 4909 2509 4964 der
2545 4909 2855 4979 Reisinger
2888 4907 3260 4962 Handschrift
3307 4904 3520 4961 scheint
3554 4911 3630 4971 et,
3676 4904 3868 4957 deenen
3907 4901 4240 4973 Erganzung
4273 4904 4370 4958 der

612 4990 792 5044 Raum
827 4989 983 5045 nicht
1019 4991 1307 5060 gestattet,
1343 5008 1443 5045 aus
1476 4990 1759 5046 Versehen
1799 4993 2148 5061 ausgefallen
2182 5012 2250 5047 zu
2281 4995 2415 5050 sein.

470 5094 531 5149 (2
609 5092 638 5122 ²⁸¹
675 5093 833 5163 epist.
871 5094 985 5158 194,
1027 5095 1112 5148 15.
1151 5123 1213 5133 --
1272 5095 1351 5149 10.
1386 5102 1625 5165 propter
1659 5095 1809 5165 quod
1842 5096 1988 5150 statt
2022 5097 2315 5151 secuudum
2352 5096 2501 5167 quod
2535 5095 2697 5166 epist.
2735 5096 2853 5160 157,
2893 5096 2957 5149 14
2997 5094 3113 5149 und
3155 5093 3273 5157 187,
3310 5093 3379 5147 34
3424 5094 3569 5147 sicut
3602 5091 3660 5145 in
3699 5089 3813 5145 Ioh.
3852 5106 4049 5160 evang.
4086 5090 4173 5154 45,
4211 5091 4259 5145 9.
4298 5121 4365 5131 —

617 5178 699 5232 12.
736 5186 788 5234 et
818 5180 1031 5235 locutus
1067 5180 1226 5251 epist.
1267 5181 1382 5247 187,
1419 5181 1488 5235 34
1527 5182 1742 5236 locutus
1781 5181 1941 5252 epist.
1987 5183 2208 5246 157,14
2242 5182 2302 5236 in
2336 5183 2449 5237 Ioh.
2487 5199 2684 5253 evang.
2717 5183 2804 5246 45,
2828 5182 2875 5235 9.
2912 5211 2981 5223 —-
3016 5181 3079 5211 ⁸²
3114 5180 3183 5234 de
3221 5178 3413 5233 morib.
3450 5177 3637 5233 eccles.
3673 5176 3927 5231 catholic.
3968 5177 4014 5241 1,
4051 5177 4119 5231 36
4153 5178 4269 5231 und
4301 5178 4369 5231 80

607 5267 701 5330 (an
737 5264 1001 5321 letzterer
1038 5264 1209 5320 Stelle
1244 5268 1395 5322 steht
1430 5268 1558 5332 et3i;
1608 5267 1720 5338 vgl.
1770 5267 2031 5339 obrigens
2067 5267 2286 5324 Einleit.
2322 5268 2373 5323 S.
2411 5269 2519 5338 25).
2567 5298 2632 5307 —
2683 5267 2767 5322 25.
2817 5268 2921 5323 etsi
2971 5267 3215 5321 exterior
3262 5267 3424 5320 homo
3467 5270 3654 5318 uoeter
3689 5265 4063 5369 corrumpitur
4097 5263 4166 5317 de
4212 5262 4368 5318 civit.

608 5349 697 5403 dei
739 5351 817 5415 14,
851 5352 901 5405 3.

606 5537 674 5591 25
710 5555 765 5592 u.
800 5538 884 5593 27.
931 5541 1020 5594 hie
1057 5538 1138 5594 fu.
1209 5540 1294 5594 26.
1334 5547 1728 5610 corrumpatur
1762 5554 1860 5608 vg.

533 5762 757 5812 ziegler,
797 5762 1007 5810 Freiriager
1040 5764 1353 5813 inl-crumena.

2165 5643 2199 5697 2
2235 5643 2356 5698 Cor.

2394 5645 2446 5710 4,
2486 5645 2706 5700 11-16.

616 5452 695 5507 16.
734 5461 786 5507 et
818 5470 922 5508 uos
955 5471 1078 5509 cum
1111 5456 1268 5510 ihesu
1301 5456 1597 5510 suscitauit
1643 5454 1726 5510 tu.
1818 5455 1899 5509 17.
1943 5456 2235 5510 suscitabit
2268 5471 2367 5525 vg.
2453 5456 2533 5511 18.
2572 5459 2864 5513 coustituit
2896 5455 2978 5510 tu.
3060 5455 3144 5509 21.
3192 5470 3299 5524 per
3331 5454 3533 5508 multos
3566 5454 3626 5507 in
3673 5454 3986 5522 qratiarum
4025 5453 4239 5506 actione
4269 5464 4370 5516 vg.

3959 5745 4024 5798 13
