5117 6800
767 1343 873 1383 και
910 1342 1001 1403 μη
1045 1339 1402 1400 προσεχετε
1456 1339 1648 1399 υγιαι·

771 1448 950 1490 vomu
990 1425 1204 1507 λογοισ
1234 1446 1378 1488 τοισ
1411 1447 1525 1487 του
1568 1446 1647 1486 xv

772 1555 952 1616 ημων
1009 1555 1070 1596 tv
1112 1555 1195 1613 χυ
1256 1554 1362 1594 και
1403 1553 1483 1613 τη
1524 1551 1647 1592 κατ

771 1643 1076 1721 ευσεβιαν
1124 1637 1512 1703 &dannaba

715 1746 1177 1830 54τετυφωται
1233 1743 1442 1826 μηδεν
1509 1764 1648 1806 επι-

774 1873 1102 1934 σταμενοσ
1183 1849 1352 1918 αλλα
1440 1870 1649 1912 ιὀσων

770 1979 923 2040 περι
983 1961 1277 2042 ζητησεισ
1328 1978 1438 2019 και
1475 1955 1648 2035 λογο-

769 2085 1020 2146 μαχιασ
1079 2066 1152 2140 εξ
1238 2086 1327 2125 ων
1406 2084 1649 2146 γιιέται

772 2175 1036 2254 pamma
1074 2192 1211 2251 ερισ
1239 2170 1649 2252 βλασφημιαι

688 2285 755 2339 10
772 2300 1075 2340 υπονοιαι
1134 2298 1417 2358 novisque

776 2385 804 2423 ⁵
835 2384 1347 2465 διαπαρατριβαι
1520 2381 1651 2444 διε-

775 2493 1184 2576 φθαρμενων
1274 2492 1653 2569 ανθρωπων

774 2618 891 2659 τοι·
904 2617 1060 2658 νουν
1077 2617 1185 2657 και
1209 2616 1652 2676 απεστερημε-

776 2724 907 2764 νων
938 2721 1061 2785 τησ
1107 2701 1433 2784 αληθειασ
1475 2722 1651 2781 νομι-

691 2809 755 2863 15
775 2812 1012 2892 ζοντωι·
1024 2828 1346 2890 πορισμοι·
1360 2828 1523 2869 arm
1538 2828 1657 2889 την

774 2918 1078 2996 ευσεβιαν
1101 2917 1309 2977 ‘soter
1330 2912 1405 2974 δε
1427 2935 1652 2992 πορισ-

771 3041 901 3103 μοσ
971 3041 1182 3102 μεγασ
1238 3043 1277 3102 η
1349 3024 1650 3100 ευσεβεια

770 3150 943 3210 μετα
973 3147 1369 3208 αυταρκειασ
1418 3125 1649 3188 Ἴουδει·

770 3258 890 3316 γαρ
916 3254 1375 3316 εισῃιέγκαμεν
1410 3254 1507 3294 em
1535 3254 1650 3294 τοι·

684 3345 754 3401 20
771 3363 1015 3431 ιςοσμον
1058 3362 1155 3403 οτι
1199 3337 1352 3401 ουδε
1408 3340 1651 3417 &gerey-

771 3471 906 3512 κειν
948 3471 1011 3511 τι
1053 3446 1409 3527 δυναμεθα

774 3555 1084 3635 Βεχοντεσ
1144 3551 1221 3614 δε
1285 3544 1652 3632 &camoque

771 3683 880 3723 και
926 3679 1364 3738 σκεπασματα
1394 3676 1651 3743 commo

772 3767 1343 3847 αρκεσθησομεθα
1416 3764 1515 3824 ⁹01
1574 3761 1648 3823 δε

684 3881 753 3936 25
771 3871 1154 3953 βουλομειυι
1211 3869 1486 3931 πλουτιι·
1539 3891 1648 3949 εμ-

772 3998 1131 4040 πιπτουσιι·
1172 3998 1270 4037 em
1315 3996 1646 4055 πιρασμοι·

766 4200 865 4255 A·
910 4196 954 4250 l.
990 4215 1296 4265 προσερχηε
1333 4196 1405 4243 Σο
1445 4180 1903 4261 ammplam-die
1939 4189 2172 4259 iibrigen
2212 4189 2516 4244 Handschr.

901 4282 1206 4337 Handschr.
1237 4282 1303 4352 (s,
1324 4278 1403 4334 XI
1430 4298 1511 4333 nr.
1538 4278 1603 4333 17
1626 4276 1715 4332 bei
1729 4276 2042 4344 Tiscbend.)
2080 4277 2229 4344 δηλον
2265 4297 2322 4327 οι

2651 995 2790 1064 130

1781 1335 1913 1383 non
1956 1314 2306 1398 adquiescit
2331 1316 2501 1379 sanis
2530 1333 2663 1378 ser-

1780 1421 2078 1487 monibus
2149 1420 2390 1487 domini
2464 1421 2662 1484 nostri

1781 1527 1920 1592 Iesu
1962 1526 2191 1591 Christi
2254 1530 2319 1590 et
2385 1526 2441 1590 ei
2494 1544 2663 1609 quae

1781 1633 2133 1699 secundum
2205 1633 2508 1716 pietatem
2569 1635 2666 1696 ost

1782 1739 2137 1818 doctrinae,
2205 1739 2234 1777 ⁴
2250 1739 2508 1803 inflatus
2570 1740 2667 1806 oet

1781 1845 1937 1911 nihil
1958 1846 2162 1910 sciens
2208 1845 2320 1909 sed
2363 1847 2663 1926 egrotans

1783 1952 1949 2017 circa
1971 1951 2376 2035 quaestiones
2407 1953 2474 2014 et
2501 1970 2664 2033 pug-

1783 2077 1901 2122 nas
1922 2059 2285 2135 uerborum,
2328 2076 2406 2120 ex
2432 2055 2665 2140 quibus

1783 2165 1940 2230 fient
1981 2164 2260 2230 inuidiae
2316 2162 2666 2227 contentio-

1784 2291 1897 2336 nes
1961 2270 2394 2354 blasphemiae
2463 2270 2665 2351 suspi-

1785 2377 1993 2442 ciones
2065 2375 2404 2441 maliuolae
2481 2377 2666 2458 ⁵per-

1786 2483 2266 2548 confricationes
2330 2482 2666 2546 hominum

1785 2593 2000 2654 mente
2037 2591 2479 2672 corruptorum
2522 2591 2588 2652 et
2627 2606 2668 2652 a

1786 2697 2054 2761 ueritate
2091 2694 2521 2759 distitutorum
2558 2714 2667 2759 ae-

1781 2802 2180 2867 stimantium
2325 2804 2666 2884 quaestum

1782 2910 2254 2991 aesepietatem.
2287 2907 2431 2971 ⁶Fst
2445 2910 2664 2972 autem

1782 3017 2086 3099 quaestus
2134 3033 2408 3095 magnus
2463 3013 2665 3095 pietas

1782 3141 1928 3187 cum
1951 3121 2415 3186 sufficientiam.
2469 3119 2662 3184 “Nihil

1781 3228 1953 3293 enim
1998 3226 2324 3292 intulimus
2380 3226 2446 3290 in
2486 3226 2663 3291 hunc

1780 3334 2127 3413 mundum,
2192 3335 2343 3417 quia
2385 3351 2505 3398 nec
2545 3353 2664 3399 au-

1782 3441 1941 3506 ferre
2000 3441 2240 3524 aliquid
2297 3459 2663 3523 possumus3

1784 3547 2137 3612 ⁸habentes
2159 3553 2377 3612 autem
2418 3547 2665 3612 uictum

1782 3658 1846 3718 et
1889 3658 2329 3735 tegumentum
2369 3653 2468 3718 his
2508 3673 2665 3719 con-

1784 3760 1962 3824 temti
2002 3779 2238 3823 sumus.
2297 3761 2323 3797 ⁹
2342 3759 2508 3824 Nam
2549 3761 2661 3842 qui

1782 3866 2009 3930 uolunt
2051 3866 2276 3930 diuites
2317 3864 2470 3947 fieri
2510 3865 2659 3931 inci-

1779 3972 1940 4035 dunt
1971 3973 2036 4036 in
2071 3972 2555 4054 temptationem
2596 3975 2661 4036 et

2326 4277 2574 4329 ,zema

2591 4191 2640 4243 9.
2676 4196 2810 4252 φθον

2587 4290 2605 4315 ⁶
2621 4277 2783 4331 KLP
2819 4279 3013 4344 αληθεσ
3038 4298 3063 4328 ο

3231 2909 3266 2947 *
3297 2907 3406 2973 Est
3447 2914 3666 2976 autem

2786 3018 3090 3097 quaestus
3151 3034 3424 3097 magnus
3466 3016 3666 3099 pietas

2785 3138 2934 3183 cum
3007 3119 3400 3185 sufficientia.
3498 3119 3666 3188 Nihil

2786 3226 2958 3292 enim
3003 3224 3328 3292 intulimus
3383 3229 3450 3291 in
3491 3227 3667 3296 hunc

2784 3331 3120 3411 mundum,
3143 3333 3254 3397 sed
3279 3352 3398 3401 nec
3417 3332 3664 3398 auferre

2789 3437 3028 3522 aliquid
3069 3459 3435 3522 possumus3
3527 3506 3534 3513 ,

2786 3544 3102 3611 habentes
3143 3549 3362 3611 autem
3421 3538 3664 3615 uictum

2784 3636 2850 3717 et
2890 3656 3331 3734 tegumentum
3369 3652 3468 3718 his
3510 3674 3665 3719 con-

2783 3760 2941 3825 tenti
2994 3758 3209 3827 simus.
3313 3758 3481 3823 Nam
3554 3759 3665 3842 qui

2781 3866 3011 3930 uolunt
3049 3865 3276 3930 diuites
3315 3862 3446 3929 fieri
3507 3866 3664 3930 inci-

2780 3972 2946 4037 dunt
2971 3973 3036 4035 in
3069 3971 3555 4054 temptationem
3597 3974 3663 4036 et

3792 1333 3923 1377 non
3958 1313 4307 1396 adquiescit
4332 1313 4502 1377 sanis
4537 1333 4669 1379 ser-

3791 1418 4087 1484 monibus
4151 1419 4393 1484 domini
4475 1419 4671 1486 nostri

3789 1525 3929 1590 Iesu
3976 1524 4206 1590 Christi
4262 1529 4327 1591 et
4389 1526 4444 1591 ei
4503 1546 4670 1610 quae

3789 1630 4142 1695 secundum
4212 1633 4513 1716 pietatem
4577 1637 4673 1699 est

3791 1733 4133 1815 doctrinae,
4180 1738 4208 1776 ⁴
4223 1739 4532 1820 superbus
4573 1740 4672 1806 ni-

3792 1841 3880 1906 hil
3924 1843 4125 1907 sciens
4182 1844 4294 1909 sed
4359 1845 4670 1927 languens

3751 2017 3758 2024 ,
3790 1949 3955 2013 circa
3980 1950 4384 2032 quaestiones
4412 1955 4475 2016 et
4506 1971 4670 2035 pug-

3789 2073 3906 2119 nas
3935 2057 4302 2136 uerborum,
4340 2077 4420 2123 ex
4438 2057 4669 2141 quibus

3788 2163 4079 2226 oriuntur
4159 2159 4435 2228 inuidiae
4517 2184 4669 2229 con·

3787 2268 4102 2333 tentiones
4233 2269 4667 2353 blasphemiae

3787 2376 4170 2457 suspiciones
4219 2377 4430 2442 malae
4471 2377 4499 2415 ⁸
4514 2397 4668 2442 con-

3787 2477 4161 2546 nictationae
4332 2482 4667 2549 hominum

3787 2591 4004 2650 mente
4074 2593 4522 2671 corruptorum
4603 2595 4669 2656 et

3789 2693 3899 2775 qui
3929 2693 4197 2758 ueritate
4249 2695 4482 2777 priuati
4519 2701 4671 2760 sunt

3788 2799 4283 2865 existimantium
4331 2807 4669 2884 quaestum

3787 2925 3921 2970 esse
3943 2906 4263 2989 pietatem.
4292 2905 4427 2972 ‘E'st
4447 2911 4666 2974 autem

3788 3015 4091 3094 quaestus
4152 3033 4426 3095 magnus
4466 3017 4669 3097 pietas

3788 3136 3936 3183 cum
3979 3118 4370 3186 sufficientia.
4463 3122 4670 3187 ⁷Nihil

3790 3226 3961 3290 enim
3979 3225 4304 3291 intulimus
4320 3229 4388 3292 in
4404 3230 4673 3308 mund0‚

3789 3325 3949 3396 haut
3999 3331 4267 3398 dubium
4336 3336 4488 3418 quia
4547 3355 4668 3399 nec

3787 3436 4038 3504 auferre
4093 3438 4247 3522 quid
4302 3461 4664 3523 possumuffl

3789 3542 3816 3584 ⁸
3831 3540 4140 3610 habentes
4238 3552 4456 3611 autem
4554 3546 4667 3614 ali-

3786 3656 4006 3717 menta
4021 3656 4085 3717 et
4100 3652 4331 3736 quibus
4374 3657 4668 3736 tegamur

3786 3756 3883 3822 his
3903 3756 4181 3823 contenti
4203 3778 4444 3825 sumus.
4470 3760 4662 3825 ’Nam

3787 3864 3896 3947 qui
3953 3862 4178 3930 uolunt
4234 3866 4462 3931 diuites
4531 3868 4660 3931 fieri

3787 3970 4073 4035 incidunt
4095 3971 4159 4034 in
4177 3973 4662 4055 temptationem

2813 4212 2859 4242 οι
2894 4190 2986 4245 D’.
3024 4219 3090 4229 —-
3127 4210 3255 4259 ερεισ
3295 4186 3551 4245 DFGL.
3635 4189 3720 4243 20.
3757 4211 3836 4241 οτι
3886 4186 4064 4244 AFG
4114 4190 4228 4244 und
4278 4190 4402 4247 eine
4449 4191 4668 4247 Pariser

3067 4298 3116 4327 τι
3141 4276 3233 4330 1)*.
3303 4274 3386 4330 22.
3426 4278 3703 4343 διατροφην
3732 4274 4017 4330 DFGKP
4050 4275 4201 4346 Orig.
4238 4279 4519 4346 διατροφασ
4545 4278 4672 4333 AL.-

696 4386 703 4397 '
766 4386 835 4444 B
907 4388 956 4440 5.
992 4386 1221 4455 inflatus
1259 4389 1338 4438 est
1376 4383 1486 4438 dm
1523 4380 1740 4436 Lucifer
1770 4379 1884 4435 Cal.
1922 4380 2155 4447 inflatus
2190 4385 2271 4433 est
2308 4386 2329 4434 t
2363 4380 2634 4448 superbus
2658 4395 2715 4448 g.
2786 4380 2836 4433 6.
2873 4379 2970 4435 sed
3004 4384 3260 4449 acyrotat
3292 4378 3400 4433 dm
3438 4374 3796 4433 LuciferCal.
3836 4379 3934 4433 sed
3967 4380 4272 4450 ianque-scit
4308 4384 4329 4434 t
4364 4386 4580 4451 eqo-ovat
4599 4396 4658 4451 Β.

902 4472 951 4526 9.
977 4472 1129 4541 fiunt
1167 4468 1545 4535 Ambrosiast„
1598 4468 1677 4520 13.
1724 4483 1762 4521 a
1804 4467 2041 4520 ueritate
2069 4463 2456 4519 destitutorum
2490 4478 2544 4518 ιι
2594 4464 2816 4519 Lucifer
2842 4465 2958 4523 Gal.
3012 4464 3402 4520 destitutam
3448 4481 3485 4518 a
3529 4466 3771 4520 ueritate
3801 4464 3920 4533 εἰς.

4009 4465 4088 4520 19.
4123 4468 4184 4521 in
4215 4468 4364 4523 hmo
4398 4467 4666 4523 mundun

904 4556 1079 4625 ‹lg-n
1116 4554 1404 4626 cyprian..
1454 4553 1671 4611 Paulin.
1715 4554 1775 4607 in
1810 4550 2072 4606 mundum
2109 4550 2467 4604 Ambrosiast.
2538 4552 2626 4605 20.
2676 4554 2811 4621 quia
2864 4557 2887 4607 t
2935 4554 3196 4620 quoniam
3242 4566 3339 4605 m
3376 4550 3602 4619 aiffme
3634 4550 3854 4620 aliquid
3883 4554 4193 4623 poterimus
4224 4568 4269 4621 c
4304 4570 4498 4611 nemu
4531 4556 4672 4625 quiq

901 4659 998 4699 nec
1036 4643 1263 4710 auferre
1292 4656 1590 4711 possumus
1623 4639 1925 4709 quidquam
1957 4636 2316 4690 Ambrosias&
2354 4654 2545 4691 uerum
2579 4639 2713 4707 quia
2741 4654 2837 4693 nec
2864 4639 3090 4707 auferre
3108 4652 3403 4707 pommus
3427 4649 3484 4689 ιι
3518 4652 3710 4691 aarum
3735 4639 3995 4705 quoniam
4041 4655 4137 4693 nec
4163 4640 4359 4711 efferre
4392 4640 4584 4710 (effere
4604 4640 4670 4713 d)

899 4744 1195 4799 possumus
1216 4740 1249 4781 ο
1286 4743 1475 4781 amm
1509 4743 1605 4780 nec
1630 4727 1854 4795 auferre
1874 4739 2170 4793 possumus
2186 4721 2461 4792 cyprian„
2484 4723 2700 4778 Paulin.
2773 4721 2857 4777 22.
2891 4725 3096 4778 uictum
3132 4728 3185 4777 et
3214 4727 3572 4791 tequmentum
3593 4722 3755 4778 Auct.
3785 4722 3854 4776 de
3870 4721 4136 4792 promise„
4173 4722 4454 4778 Chromat.
4474 4718 4660 4792 Aquss.

900 4871 1109 4919 uictum
1137 4870 1156 4918 t
1189 4863 1506 4918 numentum
1543 4869 1596 4915 et
1633 4865 1923 4931 teya'mcnta
1961 4877 2006 4930 g·
2039 4864 2245 4916 uictum
2284 4865 2337 4917 et
2369 4862 2750 4913 uestimentum
2779 4856 3023 4921 Hieron„
3053 4855 3271 4912 Paulin.
3307 4859 3516 4913 uicum
3555 4863 3608 4911 et
3641 4858 4026 4913 mtimmdm
4062 4857 4381 4923 Novatim,
4416 4858 4660 4923 flia-on„

900 4950 1114 5005 (hesma
1153 4948 1361 5003 Arelat.
1397 4946 1784 5003 exhibitionem
1839 4947 2000 5018 (tiber
2044 4945 2193 5001 disse
2230 4946 2565 5014 Bedeutung
2617 4960 2725 4997 von
2763 4943 3032 4999 exhibitio
3067 4942 3450 5014 vgl.'rertu11.
3506 4941 3576 4998 do
3621 4942 3814 4998 idolol.
3850 4946 3888 4997 5
3932 4944 4048 4999 und
4095 4945 4156 5012 8)
4199 4952 4254 4999 ot
4297 4948 4670 5073 W

898 5034 1159 5106 Cyprian.
1194 5051 1269 5090 an
1304 5033 1424 5089 drei
1463 5032 1691 5089 Stellen.

763 5140 823 5199 (3
898 5141 927 5172 *³
963 5140 1031 5195 de
1067 5138 1218 5195 civit.
1257 5137 1349 5194 dei
1388 5139 1434 5202 l,
1475 5137 1555 5191 10.
1593 5168 1657 5176 -
1694 5136 1777 5191 1'9.
1812 5138 1873 5191 in
1908 5138 2052 5191 hunc
2085 5135 2345 5190 mundum
2384 5134 2445 5188 in
2480 5134 2674 5204 psalm.
2695 5133 2829 5198 6,12
2867 5129 2980 5187 un'd
3024 5132 3237 5198 136,14
3272 5134 3429 5205 epist.
3474 5132 3696 5197 130,12
3732 5146 3891 5189 serm.
3931 5134 4011 5201 14,
4049 5130 4079 5186 7
4123 5132 4227 5196 139,
4254 5132 4289 5186 2
4319 5133 4434 5187 und
4473 5134 4658 5200 177,1

901 5243 1060 5282 serm.
1090 5225 1239 5281 ined.
1276 5224 1449 5296 Mign.
1488 5224 1549 5279 B.
1580 5224 1649 5278 46
1684 5223 1734 5278 S.
1771 5223 1888 5277 871.
1927 5252 1993 5262 -
2046 5222 2131 5277 20
2179 5221 2276 5276 sed
2311 5238 2384 5275 an
2428 5220 2579 5275 allen
2611 5218 2983 5290 angefflhrten
3021 5217 3262 5284 Stellen,
3312 5236 3421 5273 nur
3455 5218 3514 5273 in
3549 5219 3744 5289 psalm.
3784 5218 3934 5284 6,12
3965 5234 4173 5273 mum.
4209 5246 4272 5259 -—
4314 5219 4397 5273 20.
4437 5221 4663 5290 aufem-e

900 5314 1030 5369 hinc
1067 5309 1226 5381 epist.
1269 5310 1607 5375 130,12.-
1642 5308 1730 5363 21.
1765 5308 1984 5378 aliquid
2019 5307 2077 5361 in
2118 5307 2315 5377 psalm.
2375 5306 2598 5371 136,14
2645 5322 2804 5360 serm.
2846 5306 2925 5370 14,
2963 5305 2995 5357 7
3054 5305 3170 5359 und
3211 5306 3328 5371 177,
3375 5306 3403 5359 1
3457 5305 3618 5375 epist.
3674 5304 3908 5369 130,12
3953 5304 4089 5375 qmcl
4133 5302 4192 5358 in
4239 5305 4439 5375 psalm.
4487 5305 4537 5372 6,
4593 5302 4674 5360 H

899 5414 1058 5454 serm.
1095 5399 1180 5464 39,
1218 5398 1270 5453 2.
1301 5397 1453 5451 -22.
1488 5398 1695 5453 uictum
1739 5401 1793 5450 et
1829 5400 2190 5465 temeratum
2225 5394 2484 5448 habentes
2518 5392 2577 5445 in
2616 5390 2813 5462 psalm.
2850 5391 2900 5456 6,
2944 5390 3007 5445 12
3044 5390 3158 5445 und
3197 5390 3451 5497 136,14
3459 5404 3620 5445 serm.
3657 5388 3742 5454 14,
3779 5388 3814 5443 7
3848 5391 3964 5444 und
4006 5390 4122 5457 177,
4163 5396 4186 5445 1
4229 5390 4654 5462 9913613012

899 5502 1062 5541 serm.
1100 5484 1246 5540 med
1282 5480 1742 5554 MigmBffis
1778 5480 1898 5534 871.
1942 5479 2124 5533 -24.
2161 5477 2504 5535 simusibid.

760 5592 831 5646 ΙΙ
899 5590 949 5644 3.
985 5587 1195 5660 quita.
1266 5590 1317 5643 5.
1353 5587 1622 5658 ωρονὺιιε
1658 5591 1740 5640 est
1773 5598 1870 5652 vg.
1943 5584 1993 5636 9.
2028 5584 2291 5640 “riantur
2325 5580 2409 5636 fu.
2484 5584 2564 5637 14.
2607 5584 2705 5654 qui
2739 5599 2779 5639 a
2811 5579 3156 5641 ueritatem
3237 5581 3323 5639 19.
3372 5581 3434 5636 in
3476 5581 3621 5637 hunc
3662 5578 3926 5634 mundum
3961 5576 4029 5632 fu
4060 5591 4159 5647 vg.
4265 5578 4376 5632 20.
4400 5584 4502 5635 aut
4533 5579 4657 5681 (nic)

897 5676 1125 5731 dubium
1162 5691 1354 5731 uerum
1395 5680 1577 5730 tamen
1612 5685 1708 5727 nec
1744 5670 1866 5740 aas.
1904 5667 1987 5723 fu.

2492 5778 2516 5828 1
2558 5770 2699 5826 Tim.
2737 5770 2786 5836 6,
2822 5771 2977 5826 3-9.
