5117 6800
790 1179 882 1248 A

489 1333 673 1396 ημων
733 1311 1047 1403 εισῃλθεν
1106 1325 1177 1374 ιο·

487 1440 659 1481 κατα
683 1438 803 1499 την
818 1419 1008 1493 ταξιν
1026 1416 1179 1498 μελ-

488 1523 751 1605 χισεδεκ
832 1538 1185 1604 αρχιερευσ

485 1644 841 1713 rsa-onero&
900 1644 1004 1693 εισ
1059 1650 1176 1690 τον

486 1759 693 1801 acon-a
772 1734 898 1799 VII.
937 1736 958 1773 ¹
974 1749 1175 1798 ουτοσ

486 1867 607 1927 γαρ
661 1865 697 1905 o
753 1839 1175 1924 μελχεισεδεκ

485 1950 809 2034 βασιλευσ
953 1945 1177 2029 σαλημ

487 2072 705 2140 cepe-vo
759 2076 876 2117 του
920 2057 1016 2115 &v
1057 2073 1175 2115 του

485 2175 774 2251 υψιστου
820 2176 903 2225 oo·
938 2175 1175 2224 o‘vvoev·

485 2285 706 2355 τησασ
727 2272 999 2350 αβρααμ
1018 2287 1174 2329 υπο-

486 2394 839 2459 στρεφοντι
883 2394 1021 2434 omo
1049 2387 1174 2454 τησ

485 2496 706 2566 κοπησ
774 2502 905 2543 των
981 2481 1173 2559 βασι-

485 2589 650 2654 zema»
679 2610 786 2650 και
809 2585 1172 2667 ευλογησασ

485 2718 689 2759 amor
764 2694 858 2754 'w
905 2714 1013 2755 και
1068 2690 1172 2753 δε-

485 2823 690 2884 mm
729 2820 868 2861 απο
911 2812 1174 2860 παντοσ

488 2921 787 2990 εμερισεν
904 2907 1175 2986 αβρααμ,

490 3034 751 3095 “WW
805 3032 929 3092 μεν
985 3031 1174 3092 ερμη·

487 3131 846 3199 νευομεωσ
854 3115 1175 3199 [saetisve

489 3224 913 3307 δικαιοσυνησ
941 3243 1175 3285 snecta

489 3331 568 3395 δε
664 3351 771 3393 και
851 3327 1174 3413 βασιλευσ

488 3438 711 3520 σαλημ
752 3460 788 3500 o
834 3452 1015 3502 εστιν
1055 3440 1175 3518 βα-

488 3546 714 3611 σιλευσ
794 3558 1056 3626 εερηνησ

490 3653 519 3692 ⁸
545 3672 824 3732 απατωρ
906 3670 1173 3731 αμητωρ

485 3756 996 3839 αγενεαλογητοσ
1008 3777 1175 3840 μητε

486 3885 694 3947 αρχην
720 3885 977 3946 ημὸρων
1008 3884 1176 3946 μητθ

489 3974 661 4052 ζωησ
743 3969 939 4033 veios
1006 3990 1176 4050 εχων

487 4092 1014 4160 αφωμοιωμενοσ
1097 4076 1175 4138 δε

486 4204 579 4245 τω
662 4204 779 4245 vom
875 4204 992 4245 του
1076 4186 1175 4245 &v

486 4308 670 4369 μενει
698 4304 916 4368 ιερευσ
958 4305 1060 4353 εισ
1098 4310 1175 4350 το

488 4394 789 4478 διηνεκεσ

1297 1311 1655 1376 secundum
1695 1311 1987 1377 ordinem

1296 1413 1757 1482 Melchisedech
1812 1419 1987 1500 prin-

1300 1541 1450 1607 ceps
1575 1523 1984 1589 sacerdotum

1298 1629 1501 1724 factus
1533 1630 1600 1694 in
1629 1634 1983 1698 aeternum.

1297 1734 1423 1799 VH.
1456 1735 1479 1776 ¹
1492 1734 1612 1799 Hic
1637 1737 1810 1801 enim
1830 1735 1985 1802 Mel-

1297 1841 1632 1908 chisedech
1688 1861 1817 1914 rex,
1844 1845 1985 1908 erat

1295 1948 1510 2013 Salem
1546 1948 1843 2013 sacerdos
1883 1948 1986 2013 dei

1296 2054 1522 2120 excelsi
1564 2054 1600 2094 ’¹‘
1642 2055 1678 2093 '⁸‘
1720 2054 1756 2092 '⁸‘

1414 2477 1450 2515 '¹‘
1493 2477 1528 2518 *
1572 2477 1608 2515 *
1663 2476 1983 2543 benedixit

1295 2602 1465 2660 eum,

1301 2689 1327 2728 ²
1343 2689 1445 2754 cui
1484 2692 1550 2777 et
1582 2688 1860 2754 decimas
1902 2688 1983 2754 de

1297 2797 1591 2861 omnibus
1612 2795 1743 2861 suis
1770 2795 1983 2861 diuisit

1295 2901 1657 2977 Abraham3
1705 2901 1983 2985 primum

1297 3008 1556 3092 quidem
1632 3010 1984 3092 interprae-

1293 3117 1472 3180 tatur
1527 3132 1640 3179 rex
1694 3114 1983 3193 iustitiae,

1295 3223 1551 3304 postero
1603 3223 1823 3285 autem
1871 3239 1981 3285 rex

1295 3326 1509 3392 Salem
1522 3374 1540 3405 ,
1626 3327 1802 3410 quod
1887 3330 1985 3392 est

1297 3452 1410 3501 rex
1447 3434 1655 3517 pacis,

1299 3645 1471 3712 ⁸sine
1538 3648 1789 3729 patrem
1848 3648 1985 3712 sine

1296 3754 1574 3818 matrem
1613 3752 1751 3817 sine
1791 3771 1984 3835 gene-

1297 3861 1614 3924 rationem
1660 3877 1781 3924 nec
1817 3860 1983 3924 initi-

1298 3984 1410 4031 um
1521 3966 1772 4031 dierum
1864 3985 1986 4031 nec

1298 4073 1493 4138 finem
1524 4073 1693 4137 uitae
1717 4070 1983 4149 habem,

1296 4180 1516 4245 similis
1549 4181 1769 4244 autem
1801 4177 1985 4243 habi-

1296 4288 1398 4349 tus
1444 4284 1575 4353 filio
1617 4286 1719 4350 dei
1762 4288 1986 4350 manet

1295 4391 1595 4456 sacerdos
1650 4391 1714 4455 in
1762 4410 1984 4474 perpe-

2383 990 2520 1061 135

2915 1309 3085 1374 Ioeus
3104 1308 3460 1374 secundum
3498 1328 3604 1374 or-

2914 1416 3130 1480 dinem
3184 1415 3601 1481 Melchisedec

2913 1522 3197 1605 pontifex
3251 1522 3456 1586 factus
3535 1522 3601 1586 in

2912 1632 3267 1693 aeternum.

2911 1734 3036 1798 VlI.
3073 1735 3094 1773 ¹
3107 1733 3227 1799 Hic
3249 1734 3423 1798 enim
3442 1732 3596 1798 Mel-

2911 1839 3197 1905 chisedec
3239 1858 3351 1904 rex
3380 1838 3598 1904 Salem

2864 1981 2883 2000 .
2908 1946 3206 2010 sacerdos
3217 1946 3320 2010 dei
3337 1946 3601 2025 summi,

2911 2051 3022 2135 qui
3067 2051 3354 2117 obuiauit
3385 2052 3598 2116 Abra·

2907 2157 3033 2223 hae
3069 2177 3348 2239 regresso
3377 2177 3419 2222 a
3442 2157 3597 2223 cede

2907 2282 3132 2345 regum
3175 2267 3240 2328 et
3273 2264 3595 2330 benedixit

2909 2388 2985 2447 ei,

2911 2690 2938 2732 ²
2952 2689 3055 2754 cui
3117 2687 3396 2753 decimas
3453 2707 3593 2754 om-

2905 2796 3085 2859 nium
3126 2793 3337 2858 diuisit
3379 2793 3592 2859 Abra-

2903 2900 3057 2965 ham
3073 2949 3089 2979 ‚
3134 2899 3411 2982 primum
3448 2900 3590 2982 qui-

2903 3007 3053 3071 dem
3107 3006 3218 3088 qui
3277 3004 3592 3087 interpre-

2903 3116 3079 3178 tatur
3132 3131 3245 3176 rex
3299 3112 3591 3194 iustitiae,

2903 3219 3134 3285 deinde
3230 3221 3448 3284 autem
3525 3221 3591 3283 et

2902 3346 3017 3393 rex
3085 3325 3297 3392 Salem
3315 3373 3332 3404 ‚
3414 3324 3590 3409 quod

2903 3436 2999 3499 est
3036 3451 3149 3498 rex
3193 3434 3385 3516 paciS,

2906 3644 3083 3709 ⁸sine
3158 3649 3341 3727 patre
3454 3646 3590 3709 sine

2903 3754 3109 3816 matre
3164 3751 3299 3817 sine
3354 3770 3591 3832 genea-

2903 3857 3070 3940 logia
3090 3875 3300 3941 neque
3335 3858 3585 3924 initium

2903 3965 3156 4030 dierum
3166 3984 3378 4049 neque
3392 3966 3590 4031 finem

2903 4072 3075 4137 uitae
3143 4070 3407 4150 bahem,
3474 4072 3591 4137 ad-

2903 4178 3212 4243 similatus
3226 4182 3446 4243 autem
3463 4177 3592 4242 filio

2904 4285 3006 4350 dei
3051 4288 3270 4350 manet
3291 4285 3590 4349 sacerdos

2904 4393 2971 4456 iu
3011 4394 3411 4475 perpetuum.

3720 1306 4008 1373 christus·
4051 1309 4406 1376 secundum

3718 1412 4007 1478 ordinem
4074 1416 4405 1482 melchise-

3717 1518 3851 1583 dec·
3866 1522 4163 1587 sacerdos
4180 1522 4400 1587 factus·

3715 1624 3783 1689 in
3825 1632 4151 1711 perpetuo·

3714 1732 3803 1796 sic
3842 1734 4013 1800 enim
4070 1734 4398 1800 melchise-
4421 1749 4454 1804 5

3715 1839 3834 1904 dec
3875 1859 3986 1905 rex
4028 1841 4247 1907 salem·
4299 1861 4399 1907 sa·

3714 1946 3938 2011 cerdos
3964 1948 4066 2013 dei
4092 1947 4395 2013 altissimi·

3713 2053 3822 2133 qui
3876 2053 4162 2118 obuiauit
4211 2054 4403 2120 abra-

3711 2155 3853 2223 hae·
3952 2178 4251 2240 regresso·
4357 2180 4400 2227 a

3710 2263 3866 2330 cede
3916 2285 4157 2353 regum.
4216 2283 4487 2340 cum-10

3710 2389 3835 2453 que
3858 2391 4008 2436 eum
4043 2373 4399 2439 benedixis-

3707 2480 3821 2541 set.
3929 2481 3993 2542 et
4079 2479 4395 2546 abraham

3707 2582 4082 2649 benedictus
4147 2586 4234 2651 ab
4296 2607 4391 2653 eo.

3707 2690 3809 2755 cui
3837 2694 3902 2756 et
3921 2692 4237 2757 decimam
4254 2713 4393 2758 orn-

3704 2797 3881 2860 nium
3946 2798 4157 2862 diuisit
4212 2818 4394 2869 eum.-
4419 2809 4484 2864 15

3708 2903 3985 2985 primum
4017 2904 4277 2987 quidem
4300 2906 4395 2970 in-

3674 3035 3678 3039 >
3707 3012 4148 3091 terpraetatur·
4282 3030 4394 3076 rex

3706 3117 3993 3182 iustitiae·
4031 3116 4260 3183 deinde
4283 3136 4396 3181 rex

3705 3223 3921 3288 salem·
4023 3223 4198 3305 quod
4279 3242 4392 3287 rex

3707 3330 3897 3413 pacis·
4410 3340 4478 3395 20

3706 3648 3842 3713 sine
3963 3650 4145 3730 patre
4258 3647 4393 3712 sine

3706 3758 3912 3821 matre
3966 3753 4102 3818 sine
4153 3772 4388 3834 genea-

3706 3861 3892 3943 logia·
3953 3880 4164 3944 neque
4223 3861 4387 3924 initi·
4408 3880 4476 3937 25

3706 3988 3819 4033 um
3845 3967 4110 4032 dierum·
4137 3985 4387 4049 nequae

3707 4073 3879 4138 uitae
3903 4073 4100 4137 finem
4120 4073 4381 4136 habens·

3705 4179 4038 4244 simulatus
4174 4181 4391 4243 autem

3707 4285 3836 4350 filio
3938 4286 4059 4350 dei·
4171 4288 4392 4349 manet

3705 4392 4000 4457 sacerdos
4085 4390 4150 4454 in
4249 4409 4390 4473 per·
4406 4415 4476 4470 30

481 4663 550 4718 A
624 4664 704 4717 15.
738 4679 843 4714 uuo
880 4679 1091 4713 παντων
1126 4659 1294 4715 ΣΑΟ
1329 4678 1540 4713 παντων
1570 4659 1752 4715 1)*Ε*.
1821 4660 1905 4714 20.
1943 4681 2025 4712 xm
2060 4676 2160 4716 vor
2189 4662 2358 4726 βασιλ.
2394 4659 2536 4716 fehlt
2571 4659 2632 4713 in
2667 4660 2732 4724 K,
2769 4660 2802 4714 5
2835 4658 3092 4724 Minusk„
3129 4660 3226 4714 der
3264 4658 3525 4729 coptisch.
3564 4659 3678 4713 und
3716 4657 4038 4712 armenisch.
4079 4658 4389 4713 Uebersetz.

481 4770 552 4825 ΙΙ
624 4768 672 4821 5.
708 4767 797 4821 hic
833 4765 973 4819 enim
1014 4762 1407 4819 Melchisedech
1456 4779 1559 4818 rex
1596 4763 1778 4818 Salem
1811 4763 2070 4819 sacerdos
2105 4763 2195 4818 dei
2231 4765 2429 4820 summi
2476 4765 2575 4833 qai
2613 4764 2866 4820 obuiauit
2906 4764 3166 4818 Abrahae
3200 4779 3444 4833 reyresso
3481 4779 3519 4818 a
3565 4761 3729 4818 caede
3776 4778 3961 4833 reyum
4008 4764 4106 4832 qui
4140 4768 4193 4816 et
4236 4761 4390 4815 bene-

620 4853 768 4907 dixit
812 4866 932 4905 eum
973 4850 1134 4904 Auct.
1171 4851 1387 4917 quaest.
1433 4865 1501 4903 ex
1536 4850 1719 4917 utroq.
1753 4849 1823 4914 t.;
1869 4848 1973 4903 mit
2013 4849 2114 4905 der
2149 4848 2399 4918 Vulgata
2433 4848 2651 4903 stimmt
2684 4847 2854 4920 Vigil.
2925 4849 2973 4904 8.
3016 4848 3130 4903 Den
3177 4846 3712 4903 handschriftlicheu
3752 4848 3966 4902 Befund
4000 4847 4178 4901 dieser
4213 4846 4388 4900 Stelle

618 4956 659 4992 s.
705 4936 784 4991 im
821 4935 991 4990 Abdr.
1041 4935 1139 4989 der
1173 4933 1534 4989 Haudschrift
1570 4934 1623 4988 S.
1660 4935 1743 4990 51.
1831 4936 1910 4989 14.
1961 4937 2054 4991 cui
2099 4935 2338 4991 decimas
2376 4935 2620 4991 omnium
2668 4934 2868 4990 diuisit
2912 4936 3224 5003 Abraham;
3271 4936 3522 5004 primam
3569 4934 3787 5004 quidem
3842 4935 4240 5003 interpretatur
4291 4950 4390 4989 reae

614 5025 881 5089 iustitiae,
916 5020 1111 5077 deinde
1140 5036 1242 5076 rea:
1260 5020 1441 5076 Salem
1462 5019 1632 5091 vigil.
1714 5020 1791 5075 16.
1814 5021 2060 5091 primum
2094 5020 2314 5090 quidem
2347 5022 2749 5091 interpretatur
2784 5035 2886 5075 rex
2918 5020 3182 5087 iustitiae,
3220 5019 3414 5074 deinde
3454 5035 3556 5073 rex
3579 5019 3774 5087 Salem,
3811 5018 3960 5089 quod
3995 5025 4075 5073 est
4095 5035 4194 5073 rex
4225 5026 4388 5089 pacis

618 5110 778 5164 Auct.
816 5108 1030 5177 quaest.
1066 5123 1135 5161 ex
1172 5108 1354 5175 utroq.
1394 5107 1434 5160 t.
1511 5106 1590 5160 17.
1625 5109 1722 5175 qui
1756 5108 2210 5176 interpretatione
2243 5106 2426 5161 latina
2454 5105 2663 5161 dicitur
2698 5122 2800 5161 rex
2833 5108 3083 5161 iustitiae
3123 5122 3225 5161 rex
3258 5108 3418 5175 pacis
3459 5105 3707 5159 Ambros.
3799 5105 3883 5158 23.
3919 5106 4040 5159 sine
4070 5112 4238 5175 patre
4271 5108 4389 5161 sine

616 5200 792 5249 matre
827 5195 945 5249 sine
977 5193 1302 5265 qenealoyia
1335 5209 1506 5263 neque
1541 5194 1763 5248 initium
1797 5192 2010 5247 diertm
2040 5209 2138 5248 nec
2171 5192 2329 5250 finem
2364 5193 2519 5246 uitae
2552 5192 2771 5259 habens,
2807 5192 3152 5247 assimilatus
3190 5199 3269 5247 est
3305 5198 3488 5246 autem
3522 5191 3643 5255 filio
3681 5190 3785 5257 dei,
3821 5196 4005 5245 manet
4037 5191 4294 5246 sacerdos
4329 5193 4388 5247 in

607 5285 939 5350 perpetuum
971 5277 1168 5350 Vigi1.;
1222 5278 1421 5334 ebenso
1462 5279 1624 5333 Auct.
1674 5280 1887 5347 quaest.
1934 5295 2002 5333 ex
2052 5280 2235 5347 utroq.
2274 5279 2344 5341 t.‚
2394 5277 2494 5332 der
2534 5294 2651 5336 ,nur
2701 5275 2760 5331 in
2808 5278 2917 5331 den
2956 5276 3190 5331 Worten
3246 5278 3537 5333 similatus
3570 5282 3754 5331 anetem
3788 5276 3917 5346 filio
3955 5275 4043 5331 dei
4096 5277 4386 5332 abweicht.

618 5366 736 5421 sine
766 5371 934 5435 patre
965 5366 1084 5420 sine
1120 5370 1296 5421 matre
1332 5366 1451 5421 sine
1488 5366 1861 5435 yenerationis
1896 5363 2091 5419 ordine
2138 5365 2235 5434 (an
2269 5361 2422 5418 einer
2465 5363 2676 5417 andern
2711 5360 2882 5417 Stelle
2928 5363 3047 5417 sine
3082 5363 3458 5432 ,cycnei-ationis
3496 5362 3925 5431 enumeratione)
3963 5379 4132 5433 neque
4167 5364 4388 5417 initium

614 5450 828 5506 dierum
864 5466 1036 5521 neque
1059 5450 1231 5520 finem
1266 5452 1420 5506 uitae
1453 5451 1658 5507 habens
1697 5450 1947 5504 Ambros
2033 5447 2117 5503 29.
2156 5450 2289 5518 quia
2324 5455 2507 5505 manet
2540 5449 2796 5505 sacerdos
2833 5450 2893 5503 in
2925 5457 3252 5519 perpetuum
3290 5448 3540 5503 Ambros.

480 5544 551 5610 Ι)
633 5556 712 5609 14.
747 5555 839 5609 cui
877 5559 931 5610 et
966 5553 1205 5609 decimas
1243 5569 1341 5625 vg.

476 5657 539 5714 Ε
613 5656 665 5710 4.
699 5656 760 5711 in
792 5663 1120 5727 perpetuum
1157 5657 1282 5713 Sab.
1375 5660 1425 5712 5.
1458 5658 1549 5714 hic
1581 5659 1706 5714 Sab.
1787 5658 1870 5711 26.
1909 5672 2079 5726 neque
2114 5655 2239 5710 Ssb.
2309 5656 2393 5711 28.
2432 5655 2536 5712 lies
2570 5657 2873 5712 similatus.

2088 5758 2256 5814 Hebr.
2292 5759 2342 5825 6,
2378 5759 2465 5815 20.
2536 5759 2587 5825 7,
2627 5759 2778 5813 1—3.
