5117 6800
1164 1076 1257 1148 A

784 1212 837 1251 ¹¹
856 1234 947 1295 μη
968 1234 1115 1275 τινα
1143 1234 1231 1273 ων
1259 1209 1647 1276 απεσταλκα

776 1335 953 1399 προσ
1038 1335 1217 1400 υμασ
1298 1318 1364 1382 δι
1446 1339 1648 1381 αυτου

778 1425 1261 1507 επλεονεκτησα
1315 1442 1495 1507 υμασ

785 1533 839 1574 ¹⁸
851 1534 1271 1614 παρεκαλεσα
1323 1555 1501 1596 ‘nvm-
1543 1555 1652 1596 και

724 1644 756 1697 5
779 1641 1265 1704 σνναπεστειλα
1305 1662 1418 1703 τον
1461 1639 1647 1702 αδελ-

783 1768 909 1830 φον
951 1769 1103 1829 μητι
1144 1746 1651 1830 επλεονεκτησεν

781 1869 962 1935 υμαο·
999 1870 1182 1918 ‘cavoa
1225 1877 1299 1916 ov
1343 1877 1433 1916 τω
1473 1876 1648 1917 αυτω

780 1982 1108 2041 πνευματι
1166 1977 1647 2044 περιεπατησα-

778 2089 902 2148 μεν
943 2090 1021 2130 ου
1054 2084 1199 2132 roco·
1227 2084 1458 2131 αυτοισ
1484 2090 1648 2147 cxi-s-

691 2187 757 2243 10
779 2191 885 2240 σιν
948 2176 1000 2214 ¹⁰
1017 2175 1221 2239 παλαι
1262 2175 1509 2237 δοκειτε
1551 2197 1648 2236 οτι

778 2305 930 2363 υμιν
972 2283 1481 2363 απολογουμεθα
1539 2305 1647 2344 κα·
1686 2299 1694 2305 ·

778 2413 1037 2453 ‘cerani
1078 2395 1171 2452 θη»
1200 2413 1272 2452 εν
1301 2412 1393 2469 χω
1425 2388 1647 2452 λαλου-

776 2519 901 2578 μεν
951 2520 1034 2559 τα
1090 2497 1163 2559 δε
1219 2519 1441 2558 nawa
1496 2519 1647 2577 αγα-

781 2626 976 2687 πητοι
1040 2626 1205 2685 υπερ
1278 2618 1404 2687 τησ
1470 2626 1648 2683 υμωι·

693 2721 757 2775 15
777 2711 1125 2794 οικοδομησ
1227 2711 1285 2749 ²⁰
1319 2715 1647 2793 φοβουμαι

774 2840 893 2899 γαρ
945 2835 1189 2902 μηπωσ
1255 2816 1472 2880 ελθων
1529 2839 1645 2898 ουχ

773 2942 955 2991 οιουσ
1009 2925 1188 2989 Sela»
1248 2947 1410 3007 ευρω
1464 2940 1645 3005 υμασ

771 3057 943 3116 καγω
988 3037 1240 3114 ευρεθω
1296 3054 1448 3112 υμιν
1511 3054 1645 3095 οιον

773 3164 847 3205 ου
888 3141 1123 3205 osam
1170 3155 1416 3224 μηπωσ
1470 3154 1645 3221 ερεισ

686 3258 753 3313 20
772 3247 965 3332 ζηλυσ
1065 3250 1271 3328 θυμοι
1365 3250 1642 3327 ερειθιαι

769 3353 1151 3420 καταλαλιαι
1244 3357 1643 3442 ψιθυρισμοι

769 3479 1097 3546 φυσιωσισ
1162 3476 1641 3526 ακαταστασιαι

680 3783 827 3845 25⁹¹
858 3804 947 3864 μη
1034 3778 1233 3843 nain·
1315 3777 1640 3842 ελῧοντοσ

766 3910 894 3972 μου
948 3903 1338 3950 ταπεινωσει
1398 3906 1484 3967 με
1536 3888 1640 3949 θσ

765 4019 890 4079 μου
915 4011 1090 4075 προσ
1120 4011 1299 4075 υμασ
1339 4015 1447 4055 και
1483 4014 1637 4053 πει·-

767 4109 958 4187 ῧησω
1002 4100 1287 4165 πολλουσ
1326 4122 1455 4161 των
1481 4122 1635 4182 προ-

761 4231 1223 4295 ημαρτηκοτων
1325 4230 1433 4269 και
1543 4229 1633 4290 μη

672 4331 742 4387 30
759 4334 1310 4402 μετανσῃσαντωι·
1371 4337 1480 4377 επι
1553 4336 1627 4396 τι,

758 4432 1138 4506 ακαῧαρσια
1193 4445 1295 4484 και
1362 4444 1632 4502 nomi-*ea

755 4558 862 4598 και
907 4530 1207 4612 ασελγεια
1241 4552 1279 4612 η
1334 4531 1637 4607 επραξαν

752 4834 817 4893 Α
886 4832 971 4887 26.
1007 4845 1295 4894 tantumn
1329 4827 1382 4876 Σ
1393 4824 1521 4879 ΑΚ.

2628 888 2770 959 110

1786 1209 1838 1249 ¹¹
1855 1209 1961 1274 An
2002 1211 2314 1293 numquid
2371 1231 2485 1295 per
2529 1213 2651 1276 ali-

1780 1336 1959 1397 quem
1999 1316 2249 1382 illorum
2301 1338 2462 1402 quos
2511 1320 2652 1383 misi

1780 1422 1864 1488 ad
1904 1442 2027 1500 uos·
2060 1424 2447 1490 circumuenti
2493 1428 2653 1490 uos?

1788 1530 1840 1570 ¹⁸
1853 1530 2102 1612 Rogaui
2144 1530 2360 1596 Titum
2407 1536 2471 1596 et
2510 1532 2652 1596 misi

1780 1657 1927 1702 oum
1979 1658 2057 1703 eo
2108 1638 2402 1715 fratrem;
2459 1658 2651 1704 num-

1780 1743 1933 1826 quid
2024 1745 2436 1810 circumuenit
2529 1765 2650 1809 uos

1777 1849 1999 1915 Titus?
2028 1870 2158 1917 non
2190 1852 2409 1917 eodem
2428 1852 2649 1935 spiritu

1779 1957 2296 2023 ambulauimus?
2348 1977 2480 2023 non
2521 1958 2652 2023 his-

1778 2065 1927 2130 dem
1968 2065 2283 2147 uestigiis?

1786 2173 1841 2212 ¹⁹
1868 2171 2035 2237 Olim
2129 2176 2373 2255 putatis
2475 2171 2650 2254 quod

1779 2299 2155 2344 excusamus
2241 2300 2359 2345 nos
2449 2279 2648 2344 uobis.

1779 2386 2012 2451 Coram
2091 2387 2206 2451 deo
2268 2388 2333 2452 in
2398 2386 2648 2451 Christo

1776 2492 2119 2575 loquimur3
2163 2498 2379 2561 omnia
2412 2499 2647 2572 autem,

1779 2599 2166 2678 dilectissimi,
2215 2621 2326 2684 pro
2367 2605 2648 2667 uestram

1776 2708 2287 2773 aedificationem.
2356 2710 2414 2748 ²⁰
2425 2709 2648 2774 Timeo

1778 2815 1965 2892 enim,
2009 2834 2090 2879 ne
2134 2816 2311 2893 forte,
2354 2835 2501 2880 cum
2531 2834 2647 2879 ue-

1777 2942 1949 3000 ner0,
1976 2942 2103 2987 non
2133 2922 2350 3005 quales
2374 2922 2518 2987 uolo
2549 2922 2645 2985 in-

1774 3030 2031 3095 ueniam
2077 3050 2192 3095 uos
2209 3079 2224 3109 ,
2281 3033 2345 3095 et
2384 3048 2503 3111 ego
2542 3029 2647 3092 in-

1773 3136 1996 3201 ueniar
2054 3156 2095 3201 a
2149 3137 2330 3201 uobis
2389 3135 2646 3218 qualem

1771 3263 1903 3308 non
1989 3244 2179 3308 uultis
2198 3292 2213 3322 ,
2316 3263 2400 3308 ne
2481 3244 2642 3308 forte

1772 3352 2206 3418 contentiones
2358 3350 2642 3417 aemula-

1770 3461 1975 3524 tiones
2017 3460 2449 3525 animositates
2515 3457 2641 3522 dis-

1768 3568 2089 3631 sensiones
2214 3566 2639 3631 detractiones

1767 3674 2229 3738 susurrationes
2288 3673 2640 3736 inflationes

1768 3779 2132 3858 seditiones,
2194 3780 2219 3817 ²
2228 3781 2247 3818 ¹
2264 3800 2344 3844 ne
2390 3780 2638 3853 iterum,

1769 3905 1917 3950 cum
1942 3905 2199 3965 uenero,
2239 3887 2502 3953 humilet
2533 3907 2637 3951 me

1768 3993 1923 4056 deus
1970 3993 2057 4058 ad
2120 4014 2235 4058 uos
2275 3998 2339 4058 et
2378 3994 2635 4077 lugeam

1765 4100 2001 4164 multos
2059 4119 2137 4165 ex
2187 4100 2284 4164 his
2335 4102 2444 4182 qui
2487 4107 2638 4168 ante

1764 4211 2188 4289 peccauerunt
2227 4212 2291 4272 et
2318 4230 2444 4273 non
2490 4230 2636 4292 ege-
2665 4208 2669 4213 ’

1762 4318 1914 4379 runt
1941 4317 2396 4397 paenitentiam
2444 4337 2635 4400 super

1762 4423 2152 4487 inmunditia
2196 4424 2230 4463 *
2272 4423 2306 4462 *
2347 4423 2382 4461 *

2759 3784 2901 3850 *Ne
2917 3786 3165 3864 iterum,
3195 3806 3344 3853 cum
3360 3806 3616 3866 amem,

2759 3892 3042 3958 humiliet
3095 3912 3201 3957 me
3248 3893 3404 3957 deus
3456 3893 3629 3976 apud

2758 4018 2875 4063 uos
2917 4003 2982 4064 et
3007 3999 3259 4081 lugeam
3288 4000 3522 4065 multos
3550 4020 3630 4065 ex

2756 4107 2829 4169 iis
2869 4106 2976 4188 qui
3022 4109 3172 4172 ante
3204 4110 3630 4190 peccauerunt

2757 4216 2821 4276 et
2847 4231 2977 4277 non
3007 4215 3273 4295 egerunt
3297 4213 3627 4296 paeniten-

2754 4319 2912 4384 tiam
2980 4339 3169 4403 super
3247 4318 3627 4384 inmunditia

2755 4430 2817 4490 et
2849 4427 3094 4492 luxuria
3124 4430 3187 4491 et
3215 4426 3627 4491 fornicatione

2754 4553 2953 4617 quam
2994 4538 3273 4615 egerunt.

3777 1213 4169 1297 ”Numquid
4209 1234 4324 1298 per
4362 1212 4640 1297 aliquem

3766 1338 3989 1384 eorum
4028 1340 4189 1403 quos
4226 1321 4369 1386 misi
4394 1321 4480 1386 ad
4520 1341 4642 1392 uos

3770 1426 4154 1492 circumueni
4195 1429 4355 1492 uos?

3774 1533 3828 1571 ¹⁸
3841 1533 4092 1615 Rogaui
4129 1534 4346 1599 Titum
4393 1539 4460 1602 et
4499 1538 4638 1603 misi

3766 1659 3914 1704 cum
3956 1640 4059 1705 illo
4099 1641 4391 1718 fiatrem3
4446 1662 4636 1708 num-

3765 1747 3919 1829 quid
3959 1747 4140 1813 Titus
4198 1767 4313 1813 uos
4372 1751 4640 1816 circum·

3764 1855 3985 1918 uenit?
4086 1874 4302 1921 nonne
4409 1857 4636 1925 eodem

3764 1960 3985 2043 spiritu
4122 1963 4636 2032 ambulauimus‘?

3739 2061 3977 2132 'nonne
4045 2068 4241 2133 isdem
4315 2071 4586 2152 uestigiis
4604 2073 4637 2136 ‘x'

3772 2175 3824 2213 ¹⁹
3839 2173 4000 2239 Olim
4048 2178 4283 2258 putatis
4312 2177 4484 2259 quod
4525 2198 4636 2243 ex-

3763 2300 4051 2347 cusemus
4107 2302 4223 2346 nos
4264 2284 4436 2364 apud
4500 2303 4638 2349 uos.

3762 2386 3994 2452 Coram
4024 2388 4144 2453 deo
4177 2390 4240 2452 in
4267 2389 4516 2455 Christo
4543 2392 4634 2455 lo-

3761 2496 4034 2575 quimur3
4051 2499 4267 2560 omnia
4280 2502 4515 2574 autem,
4531 2518 4634 2564 ca·

3761 2602 4001 2679 rissirni‚
4044 2608 4301 2685 propter
4349 2609 4631 2671 uestram

3759 2707 4277 2774 aedificationem.
4339 2712 4396 2749 ²⁰
4410 2712 4635 2778 Timeo

3760 2815 3950 2892 enim,
3999 2835 4081 2880 ne
4111 2817 4289 2886 forte.
4333 2837 4481 2882 cum
4517 2839 4632 2884 ue-

3757 2940 3932 3000 nero,
3962 2941 4095 2987 non
4127 2923 4345 3006 quales
4367 2925 4514 2990 uolo
4532 2926 4630 2993 in-

3757 3030 4014 3093 ueniam
4045 3048 4178 3107 1108,
4210 3035 4275 3094 et
4303 3050 4421 3113 ego
4450 3033 4630 3098 inue-

3757 3136 3898 3200 niar
3929 3155 3970 3199 a
3996 3134 4179 3200 uobis
4212 3137 4469 3218 qualem
4495 3159 4628 3205 non

3756 3242 3966 3320 uultis
3989 3261 4071 3307 ne
4098 3243 4262 3307 forte
4276 3247 4626 3311 contentio·-

3756 3369 3867 3415 nes
3901 3349 4355 3417 aemulationes
4381 3352 4625 3419 animo-

3751 3459 3966 3522 sitates
4030 3456 4444 3525 dissensiones
4513 3459 4622 3525 de-

3752 3566 4090 3629 tractiones
4166 3566 4620 3632 susum-ationos

3751 3671 4106 3735 inflationes
4131 3672 4464 3737 seditiones
4491 3674 4612 3737 sint

3753 3778 3915 3841 inter
3959 3797 4107 3854 uOS‚
4178 3779 4231 3816 ²¹
4248 3798 4327 3844 ne
4367 3780 4600 3855 iterum,

3751 3904 3895 3948 cum
3915 3903 4169 3962 uener0‚
4201 3886 4471 3951 humiliet
4499 3903 4601 3950 me

3751 3991 3907 4054 deus
3931 3992 4102 4074 apud
4132 4012 4241 4057 uos
4266 3997 4326 4056 et
4355 3992 4609 4073 lugeam

3749 4099 3981 4161 multos
4030 4118 4107 4164 ex
4156 4101 4252 4163 his
4301 4100 4406 4182 qui
4460 4103 4613 4165 ante

3747 4211 4173 4289 peccauerunt
4213 4212 4276 4270 et
4304 4226 4433 4272 non
4472 4226 4618 4289 ege-

3747 4317 3892 4377 runt
3939 4315 4391 4395 paenitentiam
4433 4333 4621 4397 super

3747 4420 4124 4484 inmunditia
4208 4425 4273 4486 et
4349 4422 4621 4487 fornica-

3745 4527 3915 4591 tione
3935 4530 3998 4590 et
4027 4527 4392 4609 inpudicitia
4420 4548 4620 4612 quam

3746 4639 4089 4717 gesserunt.

751 4922 821 4983 ΙΙ
891 4918 943 4973 2.
977 4916 1199 4971 illorum
1237 4928 1296 4983 g.
1368 4911 1416 4968 8.
1458 4928 1570 4967 non
1605 4911 1719 4981 dg.
1794 4913 1872 4967 11.
1906 4912 2063 4967 uobis
2095 4912 2146 4967 d.
2222 4913 2299 4968 14.
2334 4928 2443 4983 pro
2479 4919 2668 4968 uestra
2691 4912 3073 4981 aedificatione
3107 4911 3144 4966 d
3170 4909 3527 4971 Ambrosiast.
3562 4915 3796 4982 propter
3831 4915 3854 4964 t
3885 4924 3996 4979 pro
4017 4912 4257 4962 matram
4295 4914 4316 4963 t
4349 4924 4389 4964 a
4422 4909 4616 4980 aedifi-

886 5006 1099 5060 catione
1134 5016 1195 5069 g.
1261 4999 1344 5053 25.
1385 5000 1499 5054 sint
1531 5000 1676 5055 inter
1708 5014 1812 5054 uos
1844 4997 1992 5053 fehlt
2028 4997 2119 5066 dg
2157 4997 2389 5053 Tertull.
2459 4998 2544 5053 26.
2585 4998 2696 5069 vgl.
2734 4996 2957 5053 Einleit.
2997 4998 3049 5053 S.
3085 4998 3149 5052 15
3187 5000 3348 5052 Anm.
3383 4998 3434 5052 4.
3519 4997 3604 5051 31.
3641 5012 3808 5066 super
3839 4993 4175 5050 imo-diua
4211 5001 4265 5048 et
4294 4994 4525 5051 luxuria
4561 5003 4616 5053 et

877 5089 1255 5162 somniantium
1301 5086 1468 5141 Beda.

750 5180 809 5241 Φ
885 5177 914 5207 ¹⁸¹
947 5174 1110 5245 epist.
1145 5173 1263 5238 265,
1299 5171 1349 5226 7.
1385 5201 1450 5211 -
1486 5171 1571 5226 25.
1608 5186 1805 5227 uenero
1842 5171 1920 5226 ad
1952 5187 2056 5225 uos
2090 5172 2284 5225 contra.
2318 5168 2476 5240 epist.
2502 5168 2831 5225 Parmenian
2866 5170 2917 5235 3,
2952 5171 2987 5223 3
3023 5170 3136 5225 und
3177 5170 3239 5224 14
3273 5186 3432 5225 serm.
3466 5169 3586 5234 351,
3628 5168 3706 5223 12.
3743 5195 3808 5206 --
3844 5167 3927 5220 26.
3963 5166 4120 5236 apud
4157 5184 4260 5225 uos
4293 5169 4440 5227 fehlt
4474 5172 4612 5228 ibid.

887 5292 948 5303 -
987 5261 1073 5316 28.
1107 5276 1177 5315 ea:
1210 5261 1299 5314 his
1348 5259 1542 5312 cont-ra.
1587 5257 1747 5328 epist.
1783 5255 2130 5313 Parmenian.
2167 5257 2215 5321 3,
2252 5258 2285 5310 3
2320 5272 2477 5311 serm.
2511 5256 2631 5319 351,
2671 5255 2738 5311 12
2790 5272 2858 5312 ea:
2891 5257 2966 5312 iis
2995 5257 3190 5312 contra
3226 5256 3382 5327 epist.
3421 5253 3767 5311 Parmenian.
3805 5253 3855 5316 3,
3894 5253 3962 5305 14
4005 5269 4077 5309 ex
4110 5255 4200 5310 hie
4235 5253 4380 5311 fehlt
4410 5257 4481 5313 de
4516 5258 4607 5316 fid.

882 5350 941 5405 et
977 5345 1182 5418 operib.
1219 5344 1305 5399 48.
1342 5373 1411 5385 -·
1446 5344 1534 5400 30.
1566 5360 1736 5415 ευμεν
1768 5343 2103 5399 inmunditia
2137 5349 2191 5398 et
2223 5343 2453 5398 luxuria
2489 5343 2942 5411 et7'omicatione
2974 5344 3169 5398 contra
3202 5342 3359 5413 epist.
3396 5339 3738 5397 Parmenian.
3776 5339 3827 5401 3,
3863 5338 3897 5392 3
3934 5338 4046 5393 und
4087 5340 4150 5394 14
4185 5356 4345 5396 cerm.
4381 5342 4502 5410 351,
4542 5345 4608 5399 12

881 5450 1050 5504 super
1083 5431 1472 5488 inmunditiam
1520 5437 1574 5487 et
1612 5430 2043 5499 somicationm
2091 5429 2160 5483 de
2207 5427 2297 5483 fid.
2345 5431 2405 5483 et
2453 5427 2659 5499 operib.
2709 5428 2797 5486 48.
2843 5457 2911 5470 -
2962 5430 3046 5485 32.
3093 5436 3381 5501 gesserant
3426 5430 3621 5484 contra
3662 5424 3818 5496 epist.
3858 5424 4201 5481 Psi-manian.
4235 5428 4285 5494 3,
4321 5428 4357 5483 3
4392 5430 4504 5485 und
4544 5431 4613 5487 14

879 5537 1041 5577 serm.
1079 5520 1198 5586 351,
1237 5518 1302 5573 12
1337 5517 1406 5572 de
1446 5517 1536 5571 fid.
1569 5518 1628 5572 et
1664 5514 1873 5587 operib.
1907 5515 1991 5571 48.

740 5610 808 5665 l)
880 5609 927 5663 9.
966 5607 1171 5664 hisdem
1206 5605 1290 5660 fu.
1364 5605 1445 5659 19.
1479 5619 1592 5658 non
1627 5602 1843 5673 qualem
1878 5603 2049 5657 utatis
2084 5601 2167 5657 fu.
2236 5601 2319 5656 30.
2355 5616 2522 5671 σαρα-
2559 5592 2947 5658 inmunditiam
2985 5607 3038 5657 et
3066 5601 3500 5671 fornicationem
3533 5606 3590 5655 et
3616 5596 4018 5668 inpudicitiam.
4041 5597 4124 5654 fu.

2409 5705 2445 5759 2
2475 5704 2596 5761 Cor.
2630 5704 2711 5770 12,
2750 5704 2969 5761 17—21.
