5117 6800
1326 1566 1419 1635 A

1019 1706 1211 1782 Προσ
1255 1704 1632 1784 noem-&ovo
1673 1722 1719 1759 α

935 1805 980 1870 Ι.
1032 1808 1071 1870 ¹.

937 1912 1214 1977 Παυλοσ
1255 1909 1495 1993 κλητοσ
1528 1924 1814 1972 αποστο-

935 2017 1059 2082 λοσ
1082 2039 1164 2097 χυ
1189 2039 1252 2079 w
1292 2015 1403 2078 δια
1429 2015 1816 2097 θεληματοσ

888 2127 1034 2192 5θυ
1130 2145 1236 2185 και
1338 2125 1699 2203 σωσθετησ
1781 2141 1816 2181 ο

937 2228 1234 2311 αδελᾳοσ
1321 2228 1348 2266 ²
1364 2249 1443 2310 τη
1515 2225 1816 2310 εκκλησια

937 2357 1054 2398 του
1083 2339 1198 2424 ἡθυ
1268 2350 1688 2416 ηγιασμενοισ
1747 2354 1818 2393 εν

940 2466 1032 2523 χω
1075 2465 1137 2504 w
1177 2464 1258 2523 τη
1306 2456 1465 2523 ovar)
1511 2461 1581 2501 εν
1619 2460 1847 2518 κορυν-ι

941 2551 1049 2610 θω
1113 2548 1376 2628 xlmam
1433 2560 1640 2625 αγιοισ
1695 2561 1821 2607 συν

860 2679 927 2733 10
945 2669 1154 2716 πασιν
1239 2667 1387 2714 ‘coco‘
1484 2650 1820 2713 επικαλου·

943 2774 1173 2840 μενοισ
1216 2780 1291 2820 το
1335 2779 1543 2833 ονομα
1583 2778 1700 2818 του
1742 2779 1820 2818 xv

943 2888 1125 2948 ημων
1195 2887 1257 2926 w
1323 2887 1405 2944 χυ
1476 2887 1547 2925 εν
1617 2885 1820 2924 narn

942 2995 1125 3035 τοπω
1197 2992 1412 3033 avum·
1456 2993 1563 3032 και
1636 2992 1818 3052 ημων

945 3080 1171 3160 Βχαρισ
1229 3098 1382 3158 υμιν
1441 3099 1547 3138 και
1604 3097 1820 3157 ειρηνη

860 3216 924 3271 15
941 3206 1079 3247 απο
1145 3187 1241 3247 &v
1307 3198 1570 3263 πατροσ
1637 3203 1820 3265 ημων

942 3314 1049 3352 και
1085 3313 1162 3353 xv
1204 3313 1264 3352 ιυ
1295 3311 1376 3369 χυ
1417 3290 1820 3370 4εευχοεριοτω

941 3419 1031 3457 τω
1116 3399 1223 3459 θω
1297 3418 1587 3459 namot-s
1670 3419 1820 3477 περι

942 3524 1128 3584 υμων
1173 3525 1284 3564 sm
1324 3525 1402 3584 τη
1451 3525 1665 3584 χαριτι
1703 3525 1819 3565 του

943 3612 1041 3669 &v
1088 3631 1168 3689 τη
1223 3607 1503 3690 δοθειση
1547 3630 1699 3688 υμιν
1752 3631 1822 3669 εν

861 3743 929 3796 20
945 3735 1038 3792 χω
1121 3734 1182 3774 w
1269 3712 1406 3775 ιἱοτι
1492 3737 1563 3776 εν
1621 3735 1824 3775 navve

947 3818 1432 3901 επλουτισθῃτε
1503 3841 1573 3880 εν
1646 3840 1824 3880 aevvm

946 3947 1017 3987 εν
1062 3947 1264 3986 nam
1303 3925 1464 4006 λογω
1507 3948 1614 3987 και
1640 3946 1823 4006 πασῃ·

945 4049 1179 4112 γνωσει
1227 4034 1503 4095 6κοιθωσ
1545 4053 1621 4091 το
1660 4051 1823 4111 μαρ-

940 4160 1159 4219 τυριον
1185 4159 1300 4199 του
1331 4140 1425 4200 θυ
1449 4139 1823 4219 εβεβαιωθη

856 4266 922 4321 25
943 4268 1015 4307 εν
1056 4267 1210 4326 υμιι·
1268 4246 1479 4307 ’ἴωστε
1522 4258 1703 4324 υμασ
1731 4265 1822 4325 μη

939 4353 1369 4431 υστερεισθαι
1447 4373 1518 4412 εν
1590 4348 1823 4432 μ-ηδενι

937 4473 1296 4538 χαρισματι
1375 4455 1820 4536 απεκδεχομε-

938 4585 1096 4626 ’νουσ
1183 4585 1302 4645 την
1392 4561 1821 4649 αποκαλυψιν

937 4692 1054 4732 του
1154 4692 1232 4730 xv
1315 4691 1498 4752 ημωτ·
1596 4690 1657 4729 w

854 4774 1067 4857 30300'
1110 4799 1218 4837 και
1255 4778 1606 4855 βεβαιωσει
1635 4790 1816 4853 υμασ

939 4901 1068 4943 εωσ
1112 4881 1347 4944 ‘tsi-ovo
1381 4878 1815 4961 ανεγκλητουσ

1736 4689 1817 4746 xv
1894 4666 1904 4678 ‘

2830 950 2922 1019 72

2444 1352 2589 1452 Ad
2649 1349 3178 1453 Corinthios
3247 1351 3311 1452 I.

1944 1802 1987 1865 I.
2040 1803 2078 1865 ¹.

1944 1909 2181 1974 Paulus
2209 1913 2476 1974 uocatus
2501 1911 2824 1994 apostolus

1946 2013 2174 2080 Christi
2216 2016 2353 2079 Iesu
2407 2021 2471 2080 et
2528 2016 2824 2081 Sostenes

1945 2121 2142 2185 frater

1951 2227 2284 2291 2ecelaeiae
2335 2227 2436 2291 dei
2502 2247 2671 2311 quae
2731 2233 2826 2292 est

1950 2331 2254 2412 Corinthi,
2297 2334 2705 2399 sanctificatis
2760 2335 2825 2398 in

1952 2436 2204 2504 Christo
2300 2439 2462 2517 IeSU,
2586 2440 2826 2505 uocatis

1954 2546 2186 2609 sanctis
2208 2563 2355 2608 cum
2395 2546 2691 2610 omnibus
2718 2550 2826 2628 qui

1949 2653 2252 2716 inuoeant
2302 2670 2541 2715 nomen
2586 2652 2826 2716 domini

1949 2760 2146 2821 nostri
2215 2758 2353 2821 Iesu
2434 2757 2663 2822 Christi
2759 2759 2826 2822 in

1951 2866 2123 2928 omni
2207 2863 2343 2928 loeo
2420 2866 2702 2947 ipsorum
2763 2869 2827 2928 et

1952 2974 2187 3035 nostro.

1952 3076 2199 3142 ³Gratia
2211 3077 2393 3139 uobis
2416 3080 2480 3139 et
2493 3095 2620 3158 pax
2643 3095 2682 3140 a
2707 3077 2827 3139 deo

1948 3187 2131 3265 patre
2175 3185 2392 3246 nostro
2448 3186 2512 3245 et
2567 3182 2827 3246 domino

1956 3289 2094 3352 Iesu
2111 3286 2377 3352 Christo.
2404 3287 2683 3352 ⁴Gratias
2706 3307 2827 3370 ago

1951 3394 2211 3459 domino
2251 3415 2396 3459 meo
2424 3415 2676 3477 semper
2710 3415 2827 3478 pro

1953 3502 2134 3565 uobis
2174 3502 2240 3565 in
2266 3502 2475 3583 gratia
2517 3501 2620 3564 dei
2662 3521 2826 3583 quae

1954 3608 2106 3670 data
2147 3610 2241 3669 est
2286 3606 2466 3671 uobis
2496 3609 2562 3670 in
2581 3606 2830 3670 Christo

1956 3713 2123 3789 Iesu,
2198 3713 2386 3793 ⁶quia
2428 3712 2491 3774 in
2533 3713 2830 3775 omnibus

1958 3817 2139 3882 ditati
2174 3817 2317 3880 estis
2343 3817 2409 3879 in
2434 3816 2538 3879 illo
2566 3818 2630 3880 in
2656 3819 2830 3881 omni

1957 3923 2153 3987 uerbo
2212 3926 2275 3985 et
2329 3925 2503 3986 omni
2551 3924 2828 3989 scientia.

1959 4031 2145 4093 ⁶sicut
2163 4030 2590 4093 testimonium
2604 4029 2831 4094 Christi

1955 4136 2399 4199 confirmatum
2427 4139 2522 4198 est
2541 4136 2604 4199 in
2630 4139 2829 4214 uobiS‚

1960 4242 2086 4305 'ita
2133 4246 2204 4305 ut
2243 4241 2398 4305 nihil
2443 4243 2605 4306 desit
2650 4243 2830 4308 uobis

1953 4350 2016 4412 in
2059 4349 2236 4413 nulla
2260 4348 2463 4430 gratia
2489 4355 2829 4432 expectan-

1956 4459 2050 4519 tes
2096 4455 2550 4520 reuelationeni
2589 4454 2826 4520 domini

1953 4563 2152 4626 nostri
2194 4563 2333 4626 Iesu
2376 4562 2607 4626 Christi

1953 4774 1979 4812 ⁸
1999 4775 2107 4856 qui
2151 4777 2215 4838 et
2262 4775 2657 4839 confirmabit
2713 4795 2828 4840 uos

1949 4899 2154 4962 usque
2248 4881 2309 4942 in
2408 4882 2605 4945 finem
2693 4883 2827 4946 sine

3346 1569 3419 1637 (J

2945 1913 2980 1949 *
2994 1911 3234 1975 Paulus
3278 1913 3543 1975 uocatus
3572 1909 3823 1991 aposto-

2946 2018 3043 2081 lus
3085 2016 3316 2080 Christi
3348 2016 3486 2080 Iaeu
3550 2033 3663 2096 per
3707 2029 3824 2075 uo-

2945 2122 3260 2186 luntatem
3282 2120 3383 2184 dei
3400 2123 3464 2184 et
3482 2116 3826 2184 Sosthenes

2948 2228 3140 2292 frater
3178 2227 3471 2290 eeclesiae
3512 2225 3614 2289 dei
3657 2242 3824 2307 quae

2948 2338 3043 2398 est
3073 2333 3379 2409 Corinthi,
3420 2331 3826 2396 sanctificatis

2948 2441 3014 2504 in
3066 2438 3315 2503 Christo
3361 2438 3525 2515 lew,
3583 2436 3825 2500 uocatis

2947 2547 3179 2610 sanetis
3221 2564 3370 2609 oum
3392 2544 3692 2607 omnibus
3716 2542 3826 2624 qui

2947 2652 3250 2715 inuooant
3292 2669 3529 2713 nomen
3585 2648 3826 2713 domini

2950 2758 3149 2820 nostri
3232 2756 3370 2819 Iesu
3442 2755 3670 2819 Christi
3761 2756 3825 2818 in

2951 2862 3128 2926 omni
3211 2862 3350 2925 loeo
3417 2863 3697 2944 ipsorum
3763 2863 3826 2923 et

2950 2971 3185 3032 nostro.

2952 3073 3169 3138 Gratia
3237 3074 3417 3137 uobis
3476 3078 3540 3137 et
3604 3094 3730 3156 pax
3786 3095 3826 3138 a

2950 3180 3072 3244 deo
3114 3183 3294 3262 patre
3333 3183 3551 3244 nostro
3604 3184 3667 3245 et
3711 3180 3826 3244 do·

2950 3288 3125 3350 mino
3169 3285 3310 3349 Iesu
3337 3285 3602 3350 Christo.
3668 3285 3827 3351 Gra-

2952 3394 3069 3458 tias
3112 3412 3234 3474 ago
3260 3392 3383 3457 deo
3411 3413 3556 3459 meo
3577 3413 3827 3476 semper

2950 3520 3066 3582 pro
3110 3501 3293 3563 uobis
3347 3501 3413 3563 in
3463 3502 3670 3582 gratia
3726 3501 3827 3565 dei

2954 3625 3123 3687 quae
3181 3606 3335 3669 data
3387 3611 3483 3669 est
3537 3608 3717 3671 uobis
3761 3609 3827 3670 in

2952 3711 3201 3775 Christo
3212 3712 3368 3788 Iesu,
3379 3712 3530 3793 quia
3544 3713 3607 3775 in
3624 3714 3829 3776 omni-

2953 3817 3073 3880 bus
3118 3817 3341 3880 diuites
3392 3817 3536 3880 facti
3579 3819 3723 3882 estis
3762 3821 3827 3883 in

2953 3922 3058 3987 illo
3103 3923 3168 3985 in
3213 3924 3389 3986 omni
3421 3924 3618 3988 uerbo
3660 3930 3723 3989 et
3761 3927 3827 3988 in

2955 4029 3127 4092 omni
3168 4029 3428 4093 scientia
3469 4029 3630 4093 sicut
3657 4032 3827 4094 testi-

2952 4135 3241 4198 monium
3301 4136 3527 4200 Christi
3597 4137 3827 4201 confir-

2951 4245 3200 4305 matum
3245 4247 3341 4305 est
3381 4243 3446 4306 in
3488 4243 3695 4321 uobi5‚
3739 4245 3828 4307 ita

2952 4350 3024 4410 ut
3079 4347 3235 4411 nihil
3287 4348 3468 4412 uobis
3547 4351 3705 4413 desit
3762 4352 3823 4413 in

2952 4452 3079 4517 ulla
3124 4454 3345 4534 gratia.

3942 1796 3987 1859 I.
4040 1795 4079 1857 ¹.

3943 1900 4181 1965 Paulus
4208 1902 4476 1962 uocatus
4503 1899 4779 1981 apostolus

3945 2005 4175 2071 Christi
4236 2004 4380 2069 Iesu
4431 2024 4539 2086 per
4588 2005 4781 2069 uolun-

3945 2115 4146 2177 tatem
4211 2111 4319 2176 dei
4382 2113 4445 2174 et
4501 2110 4782 2175 Sostinens

3946 2219 4137 2284 frater
4170 2217 4498 2282 ²ecclesiae
4526 2217 4619 2281 dei
4646 2237 4783 2301 quae

3946 2327 4040 2387 est
4074 2322 4388 2401 Corinthi,
4428 2324 4783 2389 sanctificatis

3943 2432 4010 2493 in
4058 2429 4315 2494 Christo
4359 2430 4495 2494 Iesu
4510 2479 4525 2509 ,
4584 2431 4783 2494 uocatis

3943 2537 4176 2601 sanctis
4199 2556 4355 2601 cum
4388 2537 4665 2601 omnibus
4698 2540 4784 2618 qui

3945 2642 4249 2707 inuocant
4297 2662 4531 2707 nomen
4583 2643 4782 2706 domini

3946 2750 4143 2813 nostri
4158 2750 4300 2813 Iesu
4318 2749 4542 2815 Christi
4562 2751 4623 2813 in
4639 2750 4778 2813 omni

3947 2857 4084 2921 loeo
4143 2857 4429 2937 ipsorum
4485 2861 4547 2920 et
4585 2860 4777 2921 nostro,

3950 3067 4197 3132 ³Gratia
4213 3070 4401 3133 uobis
4425 3072 4487 3133 et
4510 3087 4625 3151 pax
4643 3067 4779 3131 adeo

3945 3177 4128 3255 patre
4177 3179 4400 3238 nostro
4452 3178 4514 3239 et
4566 3175 4777 3239 domino

3947 3278 4084 3343 Iesu
4157 3279 4429 3346 Christo.
4532 3284 4557 3319 ⁴
4579 3280 4777 3345 Gratias

3947 3407 4068 3468 ago
4110 3386 4233 3451 deo
4263 3408 4415 3453 meo
4434 3408 4667 3472 semper
4691 3405 4776 3470 pro

3949 3493 4131 3557 uobis
4175 3495 4239 3556 in
4279 3498 4487 3575 gratia
4520 3496 4615 3559 dei
4652 3511 4776 3575 quae

3952 3601 4105 3664 data
4147 3605 4241 3664 est
4272 3602 4457 3667 uobis
4484 3603 4548 3667 in
4577 3600 4776 3666 Christo

3950 3705 4105 3783 Iesu,
4168 3708 4194 3744 ⁵
4215 3708 4379 3789 quia
4433 3711 4500 3773 in
4538 3707 4777 3772 omnihus

3952 3813 4174 3877 diuites
4214 3814 4371 3878 facti
4432 3817 4571 3880 actis
4614 3817 4670 3878 in
4712 3810 4786 3875 illo

3949 3921 4015 3983 in
4052 3923 4226 4002 omni
4250 3922 4461 3986 uerbo
4485 3926 4545 3987 et
4569 3923 4629 3984 in
4648 3915 4783 3983 omni

3949 4028 4209 4090 scientia
4255 4029 4462 4093 “sicut
4487 4023 4783 4092 testimoni-

3950 4153 4059 4196 um
4105 4132 4338 4198 Christi
4388 4135 4781 4198 confirmatum

3949 4240 4013 4301 in
4031 4239 4230 4318 uobiS,
4252 4241 4375 4306 ‘fita
4391 4245 4462 4304 ut
4478 4240 4624 4304 nihil
4640 4235 4783 4302 uobis

3949 4346 4110 4409 desit
4153 4347 4219 4409 in
4264 4346 4400 4412 ulla
4464 4348 4655 4429 gratia
4699 4360 4783 4407 ex-

3948 4452 4352 4534 pectantibus
4382 4454 4785 4518 reuelationem

3950 4558 4188 4623 domini
4210 4561 4413 4624 nostri
4437 4561 4570 4625 Iesu
4596 4553 4786 4622 Christi

3953 4770 3977 4808 ⁸
3997 4771 4103 4853 qui
4152 4774 4214 4834 et
4258 4772 4655 4835 confirmauit
4695 4783 4787 4830 uos

3949 4896 4149 4958 usque
4185 4877 4268 4941 ad
4293 4878 4491 4942 smem
4532 4878 4656 4940 sine
4694 4870 4787 4935 eri·

936 5053 1005 5108 A
1077 5051 1126 5104 6.
1162 5072 1208 5105 τ.
1246 5053 1433 5118 euxino.
1474 5071 1520 5103 τ.
1560 5056 1636 5101 On
1674 5071 1721 5102 r.
1766 5071 1889 5117 ουοη
1924 5071 1976 5102 εν
2013 5054 2209 5120 azopari).
2249 5050 2579 5104 SADbLP.
2651 5051 2733 5103 24.
2775 5072 2864 5103 του
2901 5073 2972 5116 χιι
3008 5050 3078 5104 B'
3135 5072 3220 5102 που
3255 5056 3333 5102 &v
3380 5068 3486 5104 nur
3539 5049 3681 5103 noch
3719 5049 3844 5104 FG.

934 5139 1006 5193 B
1077 5137 1162 5190 21.
1193 5135 1362 5191 ditati
1397 5138 1527 5192 estis
1566 5135 1944 5199 Ambrosiast„
1983 5134 2159 5190 Hilar.
2201 5136 2524 5205 locupletati
2561 5144 2580 5191 t
2616 5135 2785 5191 ditati
2820 5138 2950 5192 estis
2987 5151 3045 5204 g.
3117 5135 3201 5190 22.
3239 5143 3290 5192 et
3328 5139 3476 5191 omni
3514 5138 3696 5191 scient.
3733 5134 3847 5204 dg.
3930 5135 4014 5189 31.
4050 5151 4222 5204 usque
4258 5135 4318 5188 in
4353 5132 4504 5201 «113.

935 5224 996 5280 Φ·
1077 5223 1190 5277 *ad
1230 5222 1502 5276 Donat-ist.
1540 5223 1665 5292 post
1701 5221 1884 5276 collat.
1923 5222 2008 5275 33.
2046 5252 2112 5261 —
2156 5223 2236 5276 17.
2273 5222 2376 5276 deo
2410 5221 2541 5275 ibid.
2580 5222 2661 5275 34.
2700 5252 2763 5260 -
2802 5223 2886 5276 21.
2925 5222 3127 5276 diuites
3152 5223 3303 5289 sacti
3337 5221 3485 5276 ibid.
3506 5221 3597 5285 34;
3642 5221 3836 5275 weiter
3872 5223 4044 5275 unben
4083 5220 4232 5275 lesen
4269 5218 4372 5273 wir
4408 5233 4521 5274 ecce
4555 5218 4629 5272 sic
4662 5213 4793 5267 erant

1069 5309 1326 5375 ditati,
1364 5324 1477 5362 was
1511 5308 1613 5361 auf
1643 5308 1743 5362 das
1779 5307 2211 5378 Ursprflngliche
2245 5306 2631 5361 zuriickweist.
2665 5338 2731 5346 —
2771 5307 2856 5362 22.
2897 5309 2968 5362 in
3005 5311 3152 5363 omni
3187 5310 3417 5364 scientia
3451 5305 3586 5361 ibid.
3616 5337 3682 5347 —
3730 5306 3814 5360 26.
3851 5307 3962 5377 vgl.
4001 5305 4143 5360 Einl.
4182 5308 4215 5374 ὃ
4255 5305 4335 5359 16.
4371 5304 4425 5359 S.
4467 5303 4546 5358 18.
4583 5330 4644 5341 --
4676 5293 4794 5352 ”⁸7⁸ss

904 5451 912 5459 ,
1068 5395 1229 5449 uobis
1254 5394 1398 5449 desit
1431 5396 1491 5448 in
1524 5395 1645 5449 ulla
1679 5412 1764 5464 qr.
1801 5393 1939 5448 ibid.

929 5483 999 5537 ΙΙ
1072 5481 1122 5534 5.
1157 5486 1401 5534 watenes
1435 5477 1518 5533 fu.
1589 5479 1637 5533 6.
1675 5480 1944 5535 ecclesiae.
1976 5478 2067 5533 dei
2116 5479 2275 5533 ...tis
2323 5479 2383 5532 in
2415 5480 2622 5533 christo
2661 5479 2830 5533 ihesu.
2880 5481 2977 5549 qui
3011 5487 3140 5535 sunt
3174 5482 3437 5535 corinthii
3470 5483 3686 5536 uocatis
3731 5481 3939 5535 sanctis
3973 5479 4137 5549 (nach
4170 5479 4262 5533 dei
4294 5478 4441 5549 folgt
4471 5477 4591 5532 eine
4625 5472 4793 5528 Rasur,

1064 5567 1200 5621 iiber
1237 5564 1444 5620 welche
1480 5581 1588 5619 von
1622 5566 1872 5634 spaterer
1911 5565 2078 5619 Hand
2113 5563 2400 5632 sanctifica
2435 5563 2792 5632 geschrieben
2829 5563 2926 5633 ist)
2961 5564 3043 5620 fu„
3133 5566 3216 5620 24.
3252 5566 3632 5635 confirmatum
3668 5572 3748 5620 est
3781 5563 3851 5618 fu
3886 5579 3984 5633 vg.
4053 5565 4138 5618 26.
4183 5566 4243 5620 in
4279 5565 4485 5620 nulla
4521 5560 4700 5632 qratia
4727 5553 4793 5607 ffi-

1062 5653 1148 5707 30.
1186 5650 1530 5720 confirmabit
1565 5665 1664 5718 vg.

2580 5738 2605 5791 1
2646 5736 2889 5791 Corinth.
2930 5737 2976 5802 1,
3029 5737 3177 5791 1—8.
