5117 6800
971 1021 1064 1091 A

580 1166 843 1242 εγραψα
882 1176 990 1216 ινα
1032 1176 1159 1235 yvon
1202 1176 1321 1237 την
1351 1154 1454 1217 δο-

578 1282 774 1343 κιμην
816 1281 999 1340 tipum*
1035 1283 1075 1344 η
1102 1281 1203 1324 sm
1232 1281 1458 1323 παντα

578 1387 853 1450 vannum
895 1387 1046 1429 εστε

588 1473 695 1534 1οω
714 1473 794 1536 δε
805 1495 866 1535 τι
885 1474 1239 1553 χαριζεσθε
1253 1495 1311 1533 κ.
1326 1492 1385 1534 τ.
1402 1469 1458 1534 λ.

581 1681 676 1746 111.
707 1684 810 1744 ¹⁷⁰
849 1682 925 1744 δε
967 1698 1052 1746 κσ
1085 1705 1161 1744 το
1191 1703 1457 1762 πνευμα

581 1804 763 1852 εστιν
813 1810 890 1850 ov
944 1788 1021 1851 δε
1061 1811 1136 1850 ιο
1190 1810 1458 1869 πνευμα

579 1915 658 1956 xv
696 1892 1042 1975 ελευθερια

588 2000 838 2083 18ημιτισ
854 2000 931 2064 δε
955 2016 1213 2064 navt-2²0·
1227 2020 1456 2062 mmcc-

578 2105 968 2187 καλυμμενω
983 2122 1322 2187 προσωπω
1337 2127 1458 2188 την

580 2211 786 2288 δοξαν
833 2234 912 2275 xv
956 2215 1457 2293 κατοπτριζομε-

580 2339 681 2382 voa
767 2341 886 2401 την
962 2340 1167 2401 αυτην
1241 2340 1458 2382 canova

575 2428 1197 2508 μεταμορφουμεθα
1317 2448 1457 2488 arco

582 2531 787 2613 δοξῃο·
823 2548 921 2595 seo
944 2532 1148 2606 δοξαν
1184 2535 1455 2595 καθωσ-

582 2660 711 2718 περ
766 2660 905 2700 ano
944 2660 1023 2699 κυ
1068 2653 1458 2717 πνευματοσ

580 2745 685 2808 IV.
724 2744 874 2807 ¹‹5m
931 2765 1124 2806 τουτο
1188 2761 1457 2823 εχοντεσ

579 2872 699 2934 την
785 2850 1119 2913 διακονίαι·
1211 2871 1459 2933 ταυτην

578 2960 818 3019 navam·
892 2956 1269 3038 ηλεηθημεν
1344 2978 1461 3019 ουκ

581 3083 974 3142 εγκακουμεν

584 3167 793 3231 ἀλλα
840 3173 1292 3249 απειπαμεθα
1374 3191 1458 3229 τοι

580 3295 839 3356 κρυπτα
920 3290 1047 3358 τησ
1135 3291 1458 3356 αισχυνησ

580 3405 669 3468 μη
768 3404 1282 3463 περιπατουντες
1387 3404 1459 3443 εν

582 3510 944 3571 πανουργια
984 3488 1154 3570 μηδε
1200 3487 1458 3550 δολίων-

581 3612 700 3660 τεσ
765 3619 881 3658 τοι*
946 3595 1135 3675 λογον
1195 3616 1310 3656 του
1365 3599 1460 3656 &v

579 3701 748 3764 αλλα
790 3725 863 3784 τι,
929 3717 1293 3784 narsetum-t
1335 3717 1459 3782 τησ

579 3808 909 3887 ccl-nilacus
949 3823 1460 3871 συνιστανοντεσ

585 3930 864 3977 εαυτουυ·
960 3931 1135 3993 προσ
1230 3929 1459 3976 naam·

580 4021 955 4101 συνειδησιν
1077 4024 1460 4097 ανθρωπωι·

581 4148 863 4188 emonem·
903 4147 1020 4188 του
1066 4130 1160 4187 {lv
1240 4126 1339 4186 θει
1382 4124 1458 4186 δε

582 4256 690 4294 και
752 4247 931 4294 εστιν
973 4231 1458 4311 ›amatunam-ov

582 4361 659 4399 το
726 4336 1090 4415 wamel-tor
1146 4359 1326 4419 ῃμωι·
1386 4360 1457 4398 εν

580 4461 724 4508 τωο·
760 4443 1242 4522 “nominarem
1273 4460 1457 4506 εστιν

588 4633 647 4687 Α
723 4631 773 4684 2.
810 4652 851 4682 ει
888 4650 961 4682 ειη
1001 4647 1175 4679 ‘mum
1214 4627 1805 4684 SCDEFGKLOP.
1879 4631 1926 4684 8.
1963 4633 2187 4699 fiunem.
2225 4634 2482 4687 SACD*
2516 4654 2612 4685 catu
2646 4635 2815 4686 ελευθ.
2855 4632 3483 4687 ScDbu-eEFGKLP.

1589 1149 1805 1216 scribsi
1818 1198 1835 1229 ,
1920 1154 1993 1216 ut
2094 1169 2468 1231 coynoscam

1590 1257 2037 1339 probationem
2070 1260 2373 1333 uestram,
2416 1257 2469 1321 si

1590 1363 1656 1427 in
1698 1364 1998 1429 omnibus
2058 1362 2469 1429 obaudientes

1590 1471 1756 1536 estis.
1803 1469 1857 1509 ¹⁰
1870 1469 1938 1535 Si
1971 1471 2071 1535 cui
2093 1467 2343 1551 aliquid
2361 1468 2468 1508 *²⁸²*

1738 1786 1774 1825 *
1794 1788 1830 1827 *
1852 1786 1888 1825 *
1929 1786 2183 1869 spiritus
2229 1787 2468 1852 domini

1589 1892 1862 1960 libertas.

1598 2000 1650 2039 ¹⁸
1664 2000 1794 2064 Nos
1845 2019 2002 2066 uero
2043 2019 2267 2066 omnes
2285 2019 2468 2064 reue-

1591 2106 1725 2171 lata
1755 2106 1910 2172 facie
1938 2105 2198 2188 gloriam
2227 2106 2467 2171 domini

1589 2212 1987 2296 speculantes
2031 2214 2098 2276 in
2193 2212 2468 2277 eandem

1590 2311 1935 2400 imaginem
2055 2316 2468 2383 transforma-

1590 2445 1737 2491 mur
1776 2445 1818 2490 a
1859 2426 2059 2506 gloria
2087 2427 2149 2489 in
2194 2424 2467 2506 gloriam

1594 2536 1926 2615 tamquam
1972 2552 2013 2595 a
2055 2531 2300 2595 domine?
2341 2529 2467 2611 spi·

1589 2639 1733 2704 ritu.

1591 2744 1689 2810 lv.
1733 2746 1753 2782 ¹
1789 2745 2055 2825 Propter
2113 2743 2285 2825 quod
2351 2742 2469 2806 ha·-

1589 2852 1813 2915 bentes
1939 2849 2470 2916 ministrationem

1589 2958 1756 3024 hanc
1782 2958 1944 3021 sicut
1979 2955 2471 3020 misericordiam

1591 3064 1909 3130 consecuti
1978 3082 2105 3126 non
2178 3063 2469 3127 infirme-

1590 3190 1764 3247 mur,
1876 3169 2027 3233 ²sed
2118 3169 2468 3233 abiciamus

1589 3277 1838 3343 occulta
1898 3275 2280 3342 confusionis
2336 3294 2467 3339 non

1591 3383 1997 3449 ambulantes
2078 3382 2143 3446 in
2235 3382 2470 3447 astutia

1591 3509 1801 3572 neque
1843 3488 1990 3553 dolo
2033 3488 2469 3552 adulterantes

1592 3597 1859 3662 uerbum
1880 3595 1983 3658 dei
1997 3593 2109 3658 sed
2122 3595 2187 3658 in
2200 3595 2467 3659 manife-

1590 3703 1927 3768 stationem
1974 3700 2256 3765 ueritatis
2292 3720 2470 3764 com-

1593 3810 1970 3875 mendantes
2011 3810 2260 3870 nosmet
2302 3806 2470 3888 ipsos

1591 3918 1676 3982 ad
1717 3934 1976 3980 omnem
2017 3914 2469 3977 conscientiam

1592 4023 1927 4088 hominum
1998 4022 2062 4082 in
2125 4024 2470 4100 conspectu

1592 4131 1710 4195 dei.
1757 4128 1868 4192 ⁸Si
1910 4131 2127 4189 autem
2173 4131 2236 4190 et
2276 4128 2471 4191 obue-

1589 4238 1792 4302 latnm
1881 4236 1975 4296 est
2063 4233 2469 4313 euangelium

1591 4341 1899 4414 nostrum,
1946 4339 2010 4401 in
2057 4339 2151 4401 his
2186 4340 2294 4421 qui
2325 4360 2471 4421 per-

1590 4447 1746 4507 eunt
1869 4449 1964 4507 est
2077 4444 2468 4523 obuelatmn,

2476 832 2568 900 95

3014 1017 3088 1086 (ἃ

2594 1156 2659 1220 et
2700 1152 2933 1236 scripsi,
2979 1155 3051 1218 ut
3087 1165 3470 1232 cognoscam

2591 1259 3036 1344 probationem
3073 1258 3374 1333 uestram,
3417 1255 3472 1318 si

2592 1369 2660 1432 in
2701 1364 2999 1432 omnibus
3052 1362 3471 1428 obaudientes

2592 1474 2757 1539 estis.
2841 1470 2908 1535 Si
2951 1471 3051 1536 cui
3097 1473 3315 1534 autem
3357 1467 3471 1532 ali-

2592 1579 2744 1663 quid
2785 1585 2895 1643 cet.

3264 1891 3300 1930 *
3338 1889 3470 1955 Nos

2591 2004 2810 2067 autem
2845 1999 3126 2064 reuelata
3157 1998 3314 2063 facie
3331 1997 3469 2080 glo-

2590 2109 2751 2173 riam
2792 2106 3035 2171 domini
3068 2104 3469 2188 speculantes

2592 2216 2657 2279 in
2738 2214 3013 2278 eandem
3120 2211 3466 2293 imaginem

2590 2321 3119 2385 transformamur
3147 2318 3227 2383 de
3271 2317 3470 2400 gloria

2591 2427 2656 2491 in
2713 2427 2983 2508 gloriam
3040 2429 3377 2507 tamquam
3426 2442 3468 2489 a

2592 2533 2835 2597 domini
2875 2533 3117 2615 spiritu.

2592 2745 2936 2826 *²Propter
2960 2744 3133 2827 quod
3159 2742 3470 2810 habentes

2591 2852 3121 2918 ministrationem
3298 2848 3469 2911 hanc

2590 2959 2752 3022 sicut
2794 2955 3283 3022 misericordiam
3315 2973 3470 3019 con-

2591 3064 2786 3128 secuti
2843 3082 2975 3127 non
3050 3063 3468 3139 infirmemur,

2591 3170 2702 3235 sed
2788 3169 3137 3234 abiciamus
3221 3168 3471 3233 occulta

2593 3277 2973 3341 confusionis
3039 3294 3170 3339 non
3239 3274 3470 3339 ambu-

2591 3382 2796 3448 lantes
2853 3385 2917 3448 in
2969 3383 3204 3447 astutia
3259 3401 3469 3460 neque

2592 3489 2740 3554 dolo
2811 3488 3244 3554 adulterantes
3323 3506 3469 3551 uer-

2592 3597 2748 3661 bum
2794 3595 2912 3659 dei.

3605 1151 3777 1216 enim
3818 1150 4062 1232 scripsi,
4123 1153 4195 1215 ut
4246 1169 4483 1233 cogno-

3602 1275 3780 1324 scam
3819 1257 4328 1339 experimentum
4367 1276 4481 1323 ue-

3603 1366 3827 1439 strum,
3906 1381 3993 1426 an
4049 1363 4115 1426 in
4179 1363 4478 1428 omnibus

3603 1468 4015 1534 oboedientes
4055 1468 4204 1533 sitis.
4291 1468 4344 1506 ¹⁰
4361 1467 4480 1538 Cui

3603 1579 3823 1639 autem
3865 1574 4104 1656 aliquid
4148 1582 4257 1640 cet.
4531 1588 4566 1642 5

3601 1680 3699 1746 111.
3767 1682 3818 1720 ¹⁷
3852 1681 4162 1746 Dominus
4260 1685 4478 1746 autem

3602 1787 3853 1870 spiritus
3907 1790 4031 1863 θεὶς
4098 1787 4206 1852 ubi
4258 1791 4479 1854 autem

3598 1894 3852 1975 spiritus
3877 1892 4136 1972 domini,
4178 1895 4262 1959 ibi
4291 1895 4479 1960 liber-

3600 2003 3717 2064 taS.
3770 1999 3822 2037 ¹⁸
3835 2000 3966 2064 Nos
4000 2019 4155 2065 uero
4196 2001 4479 2067 reuelata

3601 2106 3761 2170 facie
3859 2106 4123 2187 gloriam
4235 2107 4477 2172 domini
4499 2128 4564 2190 ιο

3599 2212 3999 2296 speculantes
4073 2215 4137 2278 in
4201 2213 4476 2279 eandem

3601 2320 3944 2401 imaginem
4063 2320 4478 2388 transforma-

3600 2445 3747 2491 mur
3783 2445 3824 2489 a
3865 2426 4147 2491 claritate
4189 2428 4253 2492 in
4296 2426 4479 2492 clari-

3600 2535 3732 2597 tate
3777 2535 4112 2616 tamquam
4151 2552 4193 2598 a
4236 2532 4478 2598 domini

3600 2639 3841 2721 spiritu.
4499 2647 4564 2700 15

3601 2745 3702 2808 IV.
3735 2746 3753 2783 ¹
3769 2745 3920 2810 Ideo
3960 2746 4269 2812 habentes
4309 2746 4478 2814 hanc

3602 2852 4125 2916 ministrationem
4301 2855 4478 2917 iuxta

3602 2957 3775 3040 quod
3803 2958 4296 3022 misericordiam
4324 2977 4480 3023 con-

3600 3068 3795 3130 secuti
3839 3084 4059 3128 sumus
4092 3084 4222 3128 non
4266 3062 4478 3128 defici·

3601 3190 3777 3248 mu3‚
3881 3170 4020 3234 ²sed
4105 3168 4478 3234 abdicamus
4496 3179 4564 3233 20

3601 3277 3851 3342 occulta
3930 3276 4252 3340 dedecoris
4344 3294 4478 3342 non

3602 3383 4005 3449 ambulantes
4089 3384 4154 3447 in
4245 3384 4480 3449 astutia

3602 3510 3811 3573 neque
3853 3489 4288 3554 adulterantes
4333 3508 4476 3554 uer-

3600 3598 3756 3661 bum
3819 3596 3921 3660 dei
3988 3596 4103 3659 sed
4160 3596 4225 3659 in
4271 3596 4477 3661 mani·-

3602 3704 3931 3768 festatione
3978 3703 4260 3767 ueritatis
4304 3707 4552 3767 com-25

3603 3809 3983 3873 mendantes
4022 3814 4273 3874 nosmet
4314 3810 4478 3892 ipsos

3601 3916 3685 3980 ad
3725 3936 3984 3981 onmem
4026 3917 4479 3980 conscientiam

3602 4023 3932 4086 hominum
4032 4042 4246 4087 coram
4336 4023 4474 4086 deo.

3603 4129 3884 4206 ³Quodsi
3945 4131 4136 4195 etiam
4181 4133 4476 4209 opertum

3599 4242 3694 4299 est
3745 4236 4144 4315 euangelium
4167 4238 4474 4311 nostrum,
4492 4242 4560 4296 30

3599 4343 3664 4404 in
3740 4342 3834 4405 his
3887 4345 3995 4423 qui
4053 4344 4319 4422 pereunt
4381 4342 4477 4403 est

3599 4452 3912 4528 opertum,

582 4720 652 4775 ΙΙ
724 4716 775 4770 2.
813 4718 865 4771 εἰ
899 4746 963 4755 -
1004 4718 1135 4769 estis
1176 4714 1210 4768 d
1235 4730 1294 4781 g.
1363 4715 1411 4768 4.
1448 4718 1501 4769 si
1536 4717 1627 4769 cui
1664 4723 1844 4771 autem
1881 4718 2101 4787 aliquid
2135 4733 2179 4787 g·
2216 4718 2435 4773 Pacian.
2486 4721 2632 4774 sicut
2671 4717 2772 4788 (sic
2806 4720 2858 4773 si
2892 4721 2984 4774 cui
3018 4719 3072 4787 ο)
3120 4724 3301 4773 autem
3338 4720 3471 4789 aliq.
3512 4719 3549 4773 d
3595 4721 3646 4773 si
3691 4721 3781 4773 cm·
3817 4727 3997 4773 autem
4036 4716 4170 4786 quid
4208 4715 4474 4781 Ambros„

722 4801 1081 4857 Ambrosiast.
1119 4807 1171 4856 et
1204 4804 1255 4855 si
1291 4803 1382 4855 cui
1417 4800 1553 4870 quid
1582 4800 1809 4856 Hieron.
1848 4805 1900 4857 ai
1935 4806 2026 4859 cui
2065 4805 2200 4874 quid
2236 4804 2458 4859 Pacian.
2541 4805 2591 4858 9.
2630 4820 2812 4859 omncs
2847 4804 2960 4872 ὡς
3000 4804 3194 4868 Ηίῑατ.,
3230 4804 3474 4869 Tichon.,
3514 4804 3778 4866 Ambros„
3819 4803 4058 4866 Hieron..
4098 4802 4473 4865 Ambrosiaat„

718 4887 906 4958 Vigil„
946 4887 1118 4951 Beda;
1156 4887 1412 4957 dagegen
1451 4886 1592 4941 fehlt
1627 4903 1686 4941 es
1716 4890 1874 4942 Auct.
1912 4888 1982 4943 de
2014 4889 2279 4959 promise„
2316 4890 2515 4954 Sedul.‚
2552 4890 2784 4944 Tertull.
2860 4890 2938 4944 13.
2981 4909 3017 4945 a
3049 4892 3234 4960 gloria
3263 4894 3322 4945 in
3354 4892 3594 4960 yloriam
3620 4906 3664 4957 g
3686 4889 3936 4954 Tertull„
3975 4888 4167 4951 Hilar„
4208 4886 4474 4950 Amin-oa,

723 4992 965 5051 Hieron„
1006 4989 1195 5059 Vigil„
1235 4991 1394 5045 Auct.
1433 4992 1503 5045 de
1538 4990 1816 5061 promise„
1855 4991 2216 5047 Ambrosiast.
2251 4993 2318 5047 de
2349 4994 2533 5063 ylon‘a
2569 4995 2631 5049 in
2663 4994 2904 5063 gloriam
2942 4994 2976 5047 d
3019 4993 3231 5056 Sednh,
3284 4993 3568 5048 Maximin.
3615 4991 3842 5048 Taurin.
3934 4992 4011 5045 14.
4049 4989 4270 5045 DNOlN
4303 4979 4475 5057 ΙῖΡἮ

719 5079 837 5132 cod.
930 5077 1010 5130 18.
1058 5080 1201 5131 sicut
1248 5077 1685 5132 misericordiam
1735 5080 2011 5133 consecuti
2057 5078 2200 5133 ohne
2253 5096 2440 5134 sumus
2492 5078 2530 5132 d
2566 5093 2625 5147 g.
2710 5079 2794 5133 20.
2833 5081 3136 5135 abiciamus
3170 5079 3362 5133 Gildas
3396 5079 3522 5147 Sap.
3587 5079 3912 5133 abiiciamus
3954 5084 3974 5129 t
4015 5076 4381 5131 renuntiemus
4414 5093 4474 5144 g.

720 5165 805 5216 29.
842 5165 893 5215 xi
927 5169 1109 5216 autem
1150 5169 1202 5215 ct
1235 5176 1292 5230 g.
1369 5192 1431 5202 --
1487 5170 1738 5231 opertum
1777 5171 1798 5218 t
1832 5164 2075 5218 uelatum
2113 5180 2172 5231 g.

581 5251 640 5307 c
718 5250 744 5279 *
778 5249 941 5317 epist.
982 5248 1095 5309 147,
1135 5249 1218 5301 51.
1270 5278 1316 5286 -
1374 5247 1424 5300 8.
1463 5265 1563 5302 nos
1600 5255 1782 5302 autem
1827 5249 1970 5303 ohne
2019 5266 2200 5305 omnes
2248 5252 2318 5304 de
2354 5249 2507 5305 civit.
2556 5249 2646 5305 dei
2681 5249 2766 5312 22,
2803 5250 2872 5303 29
2922 5250 2991 5304 de
3042 5249 3220 5304 trinit.
3264 5252 3342 5313 15,
3397 5250 3462 5303 14
3510 5249 3570 5303 in
3603 5247 3796 5318 psalm.
3834 5248 3885 5313 2,
3922 5249 3972 5301 5.
4048 5247 4150 5301 Die
4204 5247 4375 5302 Stella
4408 5249 4476 5302 de

719 5351 878 5387 serm.
916 5333 1043 5387 donn
1078 5331 1138 5386 in
1174 5335 1347 5387 mont.
1382 5332 1433 5398 2,
1468 5333 1538 5387 42
1575 5332 1728 5387 kann
1762 5334 1848 5387 als
1883 5350 2027 5403 ganz
2062 5335 2164 5389 frei
2200 5335 2357 5390 citirt
2391 5335 2550 5390 nicht
2583 5334 2644 5390 in
2670 5335 2936 5390 Betracht
2968 5353 3212 5409 gezogen
3250 5337 3487 5391 werden.
3510 5365 3576 5374 —-
3603 5335 3681 5389 12.
3719 5334 3787 5387 de
3819 5335 4002 5404 91ονιά
4043 5336 4098 5387 in
4132 5334 4371 5403 ιςιῑονίαηι
4407 5335 4477 5391 de

719 5418 870 5474 civit.
905 5416 993 5472 dei
1023 5418 1105 5484 22,
1133 5418 1201 5471 29
1238 5417 1307 5472 de
1336 5417 1518 5471 trinit.
1560 5420 1641 5483 15,
1682 5421 1743 5473 14
1777 5422 1973 5473 contra.
2007 5419 2164 5489 epist.
2192 5420 2542 5475 Parmenian.
2566 5420 2618 5483 2,
2643 5421 2874 5476 9.-13.
2898 5438 2935 5476 a
2953 5421 3164 5479 domini
3186 5424 3393 5491 spiritu
3414 5420 3627 5475 ibid.--
3649 5420 3702 5450 *³
3727 5419 3796 5473 de
3832 5417 4031 5487 spiritu
4065 5421 4125 5473 et
4159 5417 4352 5474 littera.
4390 5420 4474 5474 31.

582 5509 651 5561 Ι)
725 5507 769 5558 1.
808 5511 859 5557 et
889 5505 1090 5573 scripsi
1124 5501 1191 5557 fu
1230 5517 1331 5570 vg·-
1397 5504 1445 5557 9.
1481 5521 1582 5559 nos
1619 5521 1749 5559 uero
1789 5520 1971 5560 omnes
2006 5503 2073 5559 fu
2107 5521 2204 5575 vg.
2277 5507 2358 5560 13.
2393 5508 2451 5561 in
2480 5506 2789 5563 claritatem
2825 5506 2908 5562 fu.
2989 5507 3073 5563 28.
3107 5510 3384 5561 Ιιυηοίηειηι
3423 5524 3514 5561 am
3551 5505 3745 5560 Raude
3782 5505 4192 5574 nachget-ragen
4229 5503 4312 5559 fu.

1947 5608 1980 5662 2
2016 5609 2137 5665 Cor.
2174 5610 2223 5673 2,
2262 5609 2311 5662 9.
2350 5610 2428 5663 ιο.
2501 5608 2551 5673 3,
2585 5582 2815 5662 ἰτ-48.
2887 5611 2939 5674 4,
2980 5611 3127 5664 1-3.
