5117 6800
804 1201 898 1274 A

517 1357 627 1398 και
674 1334 892 1400 tarsae
936 1356 971 1396 ο
1013 1333 1203 1406 dexa-

500 1456 649 1505 -τασ
691 1441 1047 1522 λαμβανων
1099 1438 1204 1502 δε-

515 1546 882 1612 δεκατωται
917 1547 1067 1634 1οεᾗτι
1081 1568 1202 1630 γαρ

519 1675 592 1717 εν
661 1675 741 1734 τη
820 1666 1021 1738 οσφυι
1085 1674 1203 1715 του

522 1773 786 1839 πατροσ
901 1780 980 1840 ην
1094 1779 1205 1820 ova

516 1880 924 1949 συνηνιησεν
1026 1887 1203 1926 amm

508 1970 900 2055 μελχισεδεκ
947 1970 1060 2033 11ει
1078 1991 1204 2050 μεν

516 2099 633 2142 ουν
716 2076 1019 2140 τελιωσισ
1091 2075 1204 2139 δια

514 2198 643 2268 τησ
653 2183 1014 2264 λευειτυεησ
1029 2203 1204 2264 ιερω-

515 2304 727 2373 συνησ
783 2310 820 2352 o
873 2288 1041 2352 λαοσ
1079 2309 1202 2369 γαρ

517 2419 608 2459 επ
664 2410 877 2479 αυτησ
938 2416 1203 2474 νενομο-

518 2506 800 2587 θετηται
893 2516 1004 2565 uo·
1106 2521 1204 2563 ετι

492 2689 501 2698 .
514 2631 702 2694 χρεια
813 2629 984 2669 κατα
1081 2627 1202 2687 την

513 2719 703 2792 ταξιν
817 2711 1201 2794 μελχισεδεκ

514 2842 738 2903 περσν
793 2820 1203 2883 mustacem

516 2951 695 3010 ιερεα
749 2947 857 2988 και
914 2946 989 2988 ου
1029 2905 1201 2984 κατὰ

515 3055 636 3116 την
717 3033 906 3106 ταξιν
978 3050 1201 3110 ααρων

512 3138 832 3219 λεγεσθαι

525 3351 579 3389 ¹²
599 3351 1136 3432 μετατιθεμειησ

517 3480 638 3539 γαρ
677 3470 806 3539 τησ
841 3469 1203 3537 ιερωσυιησ

518 3566 594 3640 εξ
655 3577 947 3645 αναγκησ
1006 3582 1203 3642 μετα-

517 3674 724 3735 θεσισ
752 3688 1031 3750 γεινεται
1062 3667 1203 3749 111εφ

517 3798 593 3840 σν
622 3798 745 3858 γαρ
779 3774 1031 3854 stererat
1050 3794 1204 3835 ταυ-

517 3905 605 3945 τα
673 3881 889 3967 φυλησ
966 3895 1204 3960 nequo

519 4003 920 4071 μετεσχηκεν
968 4008 1066 4068 αφ
1117 4001 1205 4068 ησ

520 4094 745 4158 ondeta
842 4108 1207 4175 προσεσχη-

516 4223 630 4265 κεν
647 4221 740 4261 τω
753 4203 1206 4280 θυσιαστηριω

527 4304 929 4387 14πρσδηλσν
959 4326 1080 4387 γαρ
1108 4325 1206 4367 στι

521 4414 595 4488 εξ
631 4410 823 4475 ιουδα
852 4409 1206 4474 avernal-

521 4539 635 4580 κεν
673 4539 710 4581 ο
751 4532 836 4581 xo·
877 4537 1061 4599 ημων
1104 4532 1206 4580 εισ

519 4645 602 4707 ην
713 4622 924 4708 evim
1052 4642 1206 4703 περι

517 4751 744 4812 ιερεων
796 4728 989 4793 ουδεν
1035 4749 1206 4810 μων·

520 4849 654 4918 σησ
687 4834 1002 4918 ελαλησει·

1320 1332 1474 1400 ham
1529 1338 1590 1398 et
1629 1331 1793 1397 Leui
1838 1332 2007 1398 acci-

1319 1439 1500 1523 piens
1539 1438 1853 1505 decimam
1894 1437 2007 1503 de-

1322 1546 1591 1611 cimatus
1628 1547 1756 1621 em
1818 1544 1873 1582 ¹⁰
1887 1543 2007 1608 ad-

1321 1651 1443 1716 huc
1462 1651 1635 1718 enim
1658 1650 1723 1715 in
1755 1649 2007 1715 lumbos

1320 1759 1517 1842 patris
1535 1756 1631 1822 sui
1644 1756 1780 1834 fuit,
1801 1775 2006 1838 quan-

1323 1864 1405 1930 do
1449 1864 1509 1929 ei
1547 1862 1816 1927 occurrit
1852 1860 2007 1925 Mel-

1321 1968 1675 2035 chisedech.
1706 1968 1839 2032 ¹¹Si
1863 1968 2008 2049 qui-

1324 2078 1464 2142 dem
1507 2095 1658 2157 ergo
1709 2092 2007 2139 consum-

1322 2183 1520 2248 matio
1546 2201 1662 2265 per
1688 2180 2007 2245 leuiticum

1321 2287 1749 2356 sacerdotium
1844 2291 2008 2350 esset

1330 2432 1399 2442 —
1425 2393 1699 2479 populus
1727 2392 1898 2456 enim
1943 2391 2008 2454 in

1320 2502 1436 2567 illo
1460 2500 1655 2582 leqem
1671 2497 1912 2581 accepit
1924 2531 2006 2542 —

1320 2606 1475 2691 quid
1553 2604 1725 2672 enim
1791 2601 2006 2668 adhuc

1321 2732 1484 2796 opus
1513 2716 1608 2776 est
1656 2710 2006 2776 secundum

1320 2818 1608 2886 ordinem
1674 2814 2006 2881 Melchise-

1319 2925 1484 2991 dech
1546 2922 1750 2989 alium
1821 2939 2008 2985 exur-

1320 3050 1467 3114 gere
1588 3026 2006 3103 sacerdotem,

1324 3156 1458 3203 non
1512 3134 1863 3202 secundum
1905 3147 2008 3195 or-

1323 3245 1540 3309 dinem
1579 3242 1802 3306 Aaron
1838 3237 2007 3302 dici?

1332 3351 1386 3391 ¹⁹
1410 3346 1860 3417 Translatione

1323 3458 1496 3525 enim
1532 3451 1862 3520 sacerdotii
1893 3469 2008 3516 ne-

1325 3564 1606 3629 cessario
1707 3561 1771 3623 et
1855 3558 2008 3641 legis

1323 3666 1653 3735 translatio
1682 3666 1811 3730 fiet.
1861 3665 2008 3731 ¹⁸De

1326 3793 1454 3858 quo
1502 3775 1669 3837 enim
1710 3770 2009 3839 dicuntur

1324 3881 1488 3946 haec
1589 3877 1671 3943 de
1765 3877 2008 3942 tribum

1325 3985 1600 4051 alteram
1619 3989 1734 4062 est,
1766 4002 1846 4049 ex
1877 4002 2009 4067 qua

1325 4110 1518 4158 nemo
1587 4089 1856 4155 intendit
1916 4089 2012 4155 al-

1323 4198 1474 4273 tariz

1335 4304 1390 4345 ¹⁴
1415 4301 1836 4385 manifestum
1917 4303 2014 4366 est

1326 4411 1499 4476 enim
1543 4410 1694 4493 quia
1744 4428 1824 4473 ex
1865 4425 2013 4490 cog-

1326 4519 1588 4582 natione
1644 4515 1850 4580 Iudae
1903 4533 2013 4579 ex-

1327 4626 1508 4689 ortus
1569 4625 1666 4686 est
1714 4621 2013 4687 dominus

1325 4734 1541 4794 noster
1558 4775 1575 4805 ‚
1663 4727 1735 4791 in
1819 4746 2013 4807 quam

1323 4834 1565 4899 tribum
1623 4830 1777 4896 nihil
1839 4832 2014 4896 locu-

1322 4943 1427 5005 tus
1465 4945 1560 5004 051
1602 4940 1683 5004 de
1720 4937 2014 5003 sacerdo·

2390 1014 2531 1088 137

2430 1199 2517 1282 Ι)

2127 1333 2285 1400 ham
2338 1337 2405 1399 et
2439 1332 2598 1399 Leui
2654 1332 2820 1400 acci-

2127 1439 2307 1523 piens
2344 1438 2663 1505 decimam
2705 1439 2818 1505 de·

2128 1544 2397 1610 cimatus
2437 1548 2561 1623 aet3
2603 1545 2819 1613 adhuc

2128 1649 2300 1715 enim
2405 1651 2474 1716 in
2581 1651 2817 1718 lumbis

2128 1756 2326 1838 patris
2364 1757 2461 1822 sui
2502 1757 2640 1823 fuit.

2934 1336 2999 1399 et
3017 1334 3312 1418 Leui'qui
3339 1334 3621 1402 decimas

2932 1441 3177 1525 accepit
3266 1441 3620 1506 decimatus

2931 1548 3058 1623 est3
3126 1546 3180 1585 ¹⁰
3195 1547 3393 1612 athuc
3446 1547 3618 1613 enim

2931 1654 2998 1718 in
3098 1653 3332 1719 lumbis
3420 1652 3619 1735 patris

2930 1763 3072 1824 erat
3088 1807 3104 1838 ,
3181 1758 3444 1843 quando
3501 1757 3618 1822 ob-

2929 1865 3129 1931 uiauit
3182 1865 3239 1929 ei
3287 1864 3617 1929 Melchise-

2929 1971 3111 2037 dech.
3157 1971 3278 2035 ¹¹Si
3289 1990 3440 2052 ergo
3462 1988 3616 2033 con-

2927 2077 3271 2143 summatio
3333 2094 3448 2159 per
3511 2092 3616 2138 sa-

2928 2183 3284 2250 cerdotium
3410 2179 3615 2245 leuiti-

2928 2309 3077 2356 cum
3094 2292 3231 2354 erat
3248 2323 3330 2334 —
3343 2285 3615 2370 populus

2928 2396 3101 2461 enim
3123 2394 3394 2477 subipso
3406 2392 3614 2476 legem

2929 2501 3171 2586 accepit
3199 2535 3280 2545 —
3322 2498 3476 2581 quid
3514 2500 3613 2562 at-

2928 2610 3059 2675 huc
3184 2603 3614 2672 necessarium

2928 2714 3281 2782 secundum
3321 2712 3613 2778 ordinem

2926 2817 3387 2887 Melchisedech
3413 2816 3612 2882 alium

2927 2943 3186 3010 surgere
3217 2923 3611 2990 sacerdotem

2929 3038 2996 3100 et
3060 3050 3195 3097 non
3257 3027 3614 3094 secundum

2927 3140 3219 3207 ordinem
3392 3134 3614 3198 Aaron

2929 3246 3051 3313 dici
3067 3246 3099 3308 P

2936 3354 2990 3394 ¹²
3007 3347 3348 3419 Translato
3444 3342 3616 3409 enim

2927 3454 3281 3529 sacerdotio
3359 3468 3616 3515 necesse

2930 3569 3028 3633 eet
3046 3566 3123 3628 ut
3145 3564 3210 3626 et
3235 3558 3388 3641 legis
3407 3560 3616 3621 trans-

2926 3671 3081 3738 latio
3122 3666 3257 3733 fiat.
3320 3663 3460 3727 ¹⁸In
3487 3680 3619 3746 quo

2930 3777 3104 3843 enim
3169 3772 3332 3838 haec
3396 3768 3618 3835 dicun-

2929 3887 3038 3949 tur
3107 3879 3189 3944 de
3253 3877 3380 3942 alia
3445 3874 3617 3940 tribu

2930 3992 3058 4065 est,
3114 3984 3197 4049 de
3237 4002 3370 4067 qua
3402 3980 3616 4046 nullus

2931 4093 3158 4160 altario
3183 4091 3441 4174 praesto
3468 4086 3613 4161 fuit3

2937 4306 2993 4346 ¹⁴
3006 4300 3416 4371 manifestum
3444 4297 3617 4362 enim

2930 4409 3104 4495 quod
3135 4427 3216 4473 ex
3241 4404 3400 4470 Iuda
3440 4406 3616 4468 ortus

2929 4519 3027 4583 eet
3054 4511 3353 4579 dominus
3381 4513 3617 4588 noster,

2929 4625 2999 4689 in
3055 4638 3186 4704 qua
3243 4616 3414 4681 tribu
3460 4614 3617 4680 nihil

2932 4729 3014 4795 de
3182 4722 3617 4788 sacerdotibus

2931 4833 3137 4900 Mosae
3196 4830 3444 4895 locutus
3501 4830 3614 4893 est.

3732 1332 3875 1397 leui.
3961 1331 4072 1416 qui
4137 1329 4418 1398 decimas

3731 1439 3974 1524 accepit
4065 1438 4419 1504 decimatus

3729 1548 3844 1611 aet.
3888 1544 4103 1611 adhuc
4135 1542 4308 1609 enim
4347 1540 4417 1604 in

3731 1654 3917 1717 utero
3993 1649 4192 1736 patris
4257 1648 4413 1712 erat·

3731 1758 3995 1842 quando
4128 1753 4415 1820 obuiauit
4430 1764 4464 1820 5

3730 1883 3899 1930 eum·
3975 1859 4412 1929 melchisedec·

3727 1971 3780 2035 si
3817 1989 3970 2053 ergo
4009 1983 4416 2034 consumma-

3729 2076 3835 2140 tio·
3896 2096 4010 2159 per
4057 2076 4414 2141 sacerdotio

3726 2180 4068 2246 leuitarum
4095 2186 4251 2247 erat·
4294 2201 4412 2266 po·

3727 2287 3915 2371 pulus
3956 2288 4127 2353 enim
4165 2289 4234 2352 in
4275 2287 4412 2353 illos
4431 2289 4498 2344 1⁰

3727 2392 3934 2475 legem
3955 2393 4216 2476 accepit·
4255 2393 4412 2477 quid

3728 2499 3944 2565 adhuc
3992 2519 4246 2565 necesse
4296 2502 4409 2565 aet„

3727 2606 4083 2670 secundum
4121 2605 4410 2670 ordinem

3725 2710 4148 2776 melchisedec
4192 2711 4410 2777 alium·

3724 2815 4122 2881 sacerdotem
4135 2836 4409 2900 surgere.
4429 2823 4496 2879 15

3725 2926 3791 2988 et
3861 2941 3996 2987 non
4057 2923 4411 2989 secundum

3726 3046 3929 3093 aaron
3970 3028 4111 3093 dici·

3729 3343 4038 3411 translato
4079 3345 4270 3411 enim.
4308 3364 4412 3413 sa-
4425 3352 4496 3409 2⁰

3730 3451 4009 3517 cerdotio
4029 3471 4284 3518 necesse
4296 3457 4410 3519 est·

3730 3562 3795 3623 et
3853 3557 4007 3640 legis
4079 3559 4413 3624 translatio

3729 3664 3863 3729 fiat·
3924 3664 3991 3729 in
4052 3682 4183 3748 quo
4239 3665 4413 3729 enim

3730 3769 3892 3836 haec
3988 3770 4234 3836 dicitur·
4332 3770 4415 3837 de

3731 3876 3856 3942 alio
3914 3875 4087 3941 tribu
4142 3879 4256 3941 oet.
4333 3877 4415 3942 de
4428 3879 4499 3937 25

3731 4001 3864 4066 qua
3949 3982 4120 4048 tribu
4200 3983 4414 4048 nullus

3729 4089 3984 4172 praesto
4075 4087 4209 4153 fuit·
4323 4089 4414 4154 ad

3729 4213 3929 4259 aram·

3727 4299 4139 4366 manifestum
4241 4300 4415 4364 enim

3731 4406 4056 4490 quoniam·
4119 4405 4202 4471 de
4255 4405 4414 4470 Iuda
4429 4406 4500 4461 30

3731 4516 3907 4578 ortus
3964 4515 4060 4576 aet
4118 4512 4416 4577 dominus

3730 4622 3964 4683 noster.
3995 4617 4061 4682 in
4089 4636 4221 4700 qua
4242 4617 4416 4683 tribu

3731 4724 3813 4789 de
3851 4723 4284 4789 sacerdotibus
4317 4725 4416 4789 ni-
4491 4786 4496 4791 .

3731 4829 3839 4894 hil.
3905 4848 4115 4895 moses
4169 4829 4416 4894 locutus

3732 4939 3845 5001 Ξῖ.
4431 4928 4502 4986 35

522 5136 591 5191 A
664 5135 748 5189 10.
785 5154 876 5204 ue.
900 5154 965 5201 qv
987 5131 1078 5188 die
1102 5130 1284 5203 fibrig.
1306 5130 1615 5186 Handschr.
1686 5131 1768 5185 12.
1805 5151 1891 5184 τισ
1909 5152 2010 5204 γαρ
2031 5131 2155 5188 DE.
2223 5132 2308 5190 22.
2329 5153 2413 5186 nm
2448 5152 2602 5195 νομου
2636 5135 2919 5195 musteum
2955 5129 3046 5185 die
3082 5129 3263 5201 fibrig.
3289 5128 3595 5185 Handsc-hr.
3662 5130 3749 5185 27.
3784 5148 4122 5204 noceretque
4138 5127 4419 5184 2DEKL

653 5227 995 5291 προσέσχηκεν
1030 5224 1263 5271 τουτέστι
1314 5224 1571 5291 προσέστη
1619 5217 1864 5288 Theoph.
1918 5220 1979 5271 τὸ
2026 5225 2369 5290 προσέσχηκεν
2408 5218 2454 5297 ᾗ
2497 5225 2755 5289 προσέστη
2807 5218 3004 5286 reticem
3057 5216 3097 5284 ἢ
3146 5223 3427 5286 προσέσχεν
3464 5215 3685 5271 Oecum.
3719 5232 4000 5287 προσεσχεν
4036 5213 4140 5270 AC
4176 5234 4419 5282 μετεσχυ

658 5306 704 5361 Ρ
741 5306 857 5359 und
892 5305 926 5360 2
962 5303 1204 5358 Minusk.
1237 5322 1543 5372 μιεσχηκεν
1577 5303 1612 5357 2
1646 5302 1887 5358 Minusk.
1921 5305 1982 5374 (ι
2019 5304 2134 5358 und
2170 5318 2204 5359 ο
2236 5301 2327 5359 bei
2362 5302 2687 5373 Serivener).

512 5393 592 5448 -B
663 5392 714 5446 3.
750 5391 933 5447 adhuc
975 5396 1040 5445 in
1076 5390 1275 5446 lumbis
1304 5392 1493 5460 pam‘e
1531 5396 1653 5445 erat
1688 5390 1833 5444 Leni
1869 5389 2147 5445 Gaudent.
2195 5389 2380 5446 adhuc
2421 5390 2485 5445 in
2516 5389 2720 5446 lun-bie
2751 5388 3040 5447 Abraham
3069 5388 3293 5458 positus
3328 5386 3515 5442 Sedul.
3565 5386 3749 5443 adhuc
3791 5388 3854 5443 in
3887 5387 4085 5445 lumbis
4117 5394 4240 5444 erat
4275 5389 4423 5444 Lem·

656 5479 845 5547 patrie
879 5477 972 5532 eui
1005 5476 1306 5543 Abraham,
1338 5474 1566 5546 quando
1602 5475 1855 5530 obuiauit
1889 5476 1942 5530 ei
1979 5474 2378 5531 Melchisedech
2410 5474 2639 5531 Hieron.
2721 5474 2809 5530 20.
2845 5474 3122 5531 ummo
3158 5474 3302 5533 enim
3333 5471 3646 5529 sacerdotio
3681 5472 3760 5529 ad
3796 5473 4198 5531 Melchisedech
4235 5473 4421 5530 Sedul.

657 5562 744 5616 30.
781 5563 1043 5633 quoniam
1077 5560 1146 5616 de
1183 5561 1336 5617 Iuda
1372 5566 1530 5616 orm
1565 5567 1647 5616 eat
1679 5559 1936 5616 dominae
1967 5565 2155 5616 noeto·
2189 5559 2443 5616 Ambros.

517 5649 591 5704 D
658 5648 709 5701 3.
742 5647 925 5704 adhuc
959 5645 1159 5716 surg.
1228 5647 1464 5716 22.fuit
1495 5658 1594 5716 vg.
1629 5653 1798 5701 ——ut
1834 5648 1971 5716 legis
2005 5645 2089 5701 h.
2159 5643 2245 5701 27.
2283 5645 2460 5703 altari
2491 5660 2593 5715 vg.
2664 5645 2983 5715 aarum
3020 5650 3102 5701 eet
3136 5645 3279 5701 enim
3315 5642 3384 5699 fn
3419 5656 3519 5712 vg.
3589 5642 3674 5699 31.
3708 5643 4011 5714 eitfuvg.

524 5734 587 5791 Β
663 5732 716 5787 8.
746 5748 852 5803 per
887 5733 1256 5789 sacerdotium
1292 5733 1421 5788 Sab.
1493 5734 1575 5788 10.
1611 5732 1713 5787 lies
1742 5734 1803 5787 in
1837 5733 1956 5788 alo.
2024 5732 2109 5786 24.
2144 5730 2249 5785 lies
2282 5730 2562 5787 dicuntur.

741 5907 825 5947 zie
836 5907 965 5956 cler,
1003 5906 1217 5956 urreisi-ger
1242 5905 1595 5954 tuh-unguem.

2225 5816 2392 5875 Hebr.
2430 5817 2480 5882 7,
2517 5817 2705 5873 9—14.

4013 5899 4080 5955 18
