5117 6800
2417 1005 2508 1073 65

595 1216 710 1262 um
750 1195 935 1263 mehr
973 1192 1448 1273 Abwechslung
1490 1190 1602 1255 des
1632 1190 2004 1256 Ausdrucks
2045 1209 2122 1255 zu
2165 1191 2614 1273 ermbglichen,
2656 1211 2707 1255 z.
2740 1191 2811 1256 B.
2854 1191 2894 1255 2
2921 1188 3064 1257 Cor.
3111 1191 3208 1269 11,
3258 1192 3287 1255 1
3335 1211 3438 1257 wo
3480 1194 3581 1261 fur
3619 1196 3737 1261 das
3775 1198 3940 1262 erste
3978 1194 4300 1275 ἀνέχομαι

596 1304 880 1369 sustineo
920 1299 1148 1365 stehen
1187 1298 1374 1377 blieb,
1417 1297 1519 1362 fiir
1560 1296 1676 1362 das
1714 1296 1935 1361 zweite
1955 1301 2265 1376 supporto
2310 1295 2410 1377 (so
2452 1297 2621 1361 auch
2661 1296 2709 1361 d
2729 1318 2774 1380 9
2801 1297 3051 1363 Lucifer
3074 1297 3232 1380 Cal.)
3273 1302 3505 1381 goeetzt
3545 1301 3770 1368 wurde
3810 1303 3946 1368 und
3988 1301 4123 1368 Gal.
4149 1301 4209 1379 3,
4253 1299 4287 1364 1

1003 1549 1362 1607 Tertullian.

599 1674 711 1713 non
767 1654 1247 1727 perindigeamus,
1318 1649 1582 1721 quoniam
1645 1665 1768 1718 per-

598 1741 973 1799 secutionibus
1008 1738 1290 1811 agitemur
1325 1736 1421 1793 sed
1462 1752 1575 1790 non
1610 1734 1766 1788 dere-

598 1829 949 1898 linquamur,
1013 1824 1113 1894 qui
1160 1822 1462 1879 deiciamur
1510 1822 1605 1876 sed
1657 1835 1767 1874 non

598 1930 904 1986 pereamus.

807 1997 957 2052 Ibid.
1000 2002 1051 2064 4,
1086 1999 1315 2052 16-18.

665 2085 740 2139 Et
773 2101 884 2138 non
921 2082 1250 2138 deficiemus.
1293 2111 1356 2122 -
1394 2078 1502 2135 Sed
1538 2075 1644 2132 etsi
1675 2092 1769 2131 ex-

597 2168 769 2225 terior
807 2169 973 2224 homo
1023 2169 1212 2224 noster
1250 2165 1508 2229 vitiatur,
1558 2162 1653 2217 sed
1683 2160 1768 2215 in·

597 2255 771 2312 terior
822 2254 1123 2310 renovatur
1184 2251 1274 2307 die
1332 2253 1391 2306 et
1437 2250 1544 2304 die.
1622 2246 1769 2302 Nam

600 2343 749 2411 quod
786 2341 857 2395 ad
894 2355 1154 2410 praesens
1195 2335 1502 2408 temporale
1551 2335 1611 2389 et
1647 2332 1769 2388 leve

603 2441 890 2496 pressurae
903 2426 1140 2488 nostrae,
1161 2440 1261 2494 per
1282 2437 1697 2494 supergressum
1710 2419 1771 2472 in

598 2528 1010 2581 supergressum
1028 2511 1320 2564 aeternum
1330 2509 1545 2578 pondus
1558 2505 1771 2577 gloriae

597 2596 846 2667 perficiet
875 2595 1032 2650 nobis
1063 2611 1177 2648 non
1209 2592 1557 2648 intuentibus
1593 2598 1691 2648 cet.

2156 1546 2505 1618 helsinger
2538 1547 2719 1605 Itala.

1857 1665 1968 1704 non
2003 1649 2420 1719 exaporiamur‚
2456 1649 2896 1721 persecutionem
2930 1667 3029 1722 pa.-

1857 1735 2033 1790 timur
2083 1736 2179 1791 sed
2225 1752 2337 1791 non
2387 1734 2827 1805 derelinquimur
2841 1777 2854 1800 ,
2914 1736 3029 1792 dei-

1858 1819 2035 1875 cimur
2071 1821 2165 1875 sed
2201 1837 2310 1875 non
2345 1821 2606 1891 perimus.

1930 2065 2164 2137 Propter
2200 2070 2352 2138 quod
2387 2086 2498 2124 non
2528 2070 2867 2126 infirmemur
2879 2093 2895 2136 ;
2930 2070 3029 2126 sed

1860 2152 1913 2207 si
1953 2152 2192 2207 exterior
2229 2154 2395 2208 homo
2419 2156 2604 2209 noster
2639 2155 3028 2225 corrumpitur,

1861 2237 1958 2292 sed
2026 2237 2257 2293 interior
2323 2242 2628 2295 renouatur
2687 2241 2756 2295 de
2818 2240 2908 2295 die
2969 2240 3029 2295 in

1860 2321 2023 2377 diem.
2105 2323 2261 2389 Quod
2301 2324 2452 2379 enim
2484 2327 2557 2381 ad
2587 2342 2844 2397 praesens
2888 2328 3029 2380 tem·

1861 2409 2050 2481 porale
2082 2413 2167 2465 est
2193 2417 2246 2466 et
2270 2410 2344 2480 (7)
2369 2412 2493 2467 16116
2523 2412 2907 2468 tribulationis
2931 2430 3029 2468 no-

1859 2497 2025 2558 strae,
2055 2495 2214 2551 iuxta
2228 2495 2609 2552 incredibilem
2637 2498 2863 2552 modum
2889 2500 2948 2553 et
2969 2499 3029 2553 in

1859 2579 2238 2636 incredibilem
2259 2583 2486 2637 modum
2505 2585 2796 2638 aeternum
2818 2583 3029 2655 gloriae

1859 2667 2074 2737 pondus
2110 2670 2374 2739 operatur
2408 2668 2568 2724 uobis
2591 2685 2701 2722 non
2737 2669 3029 2739 respicien-

1854 2752 2004 2807 tibus
2038 2760 2134 2809 cet.

3423 1550 3690 1620 vulgata
3725 1552 3997 1623 (Amisit).

3125 1668 3237 1705 non
3273 1650 3645 1721 destituimur,
3684 1656 4121 1726 persecutionem
4144 1653 4290 1724 pati·

3125 1755 3252 1792 mur
3284 1738 3379 1794 sed
3399 1755 3511 1794 non
3534 1739 3986 1810 derelinquimur,
4023 1738 4289 1794 deicimur

3125 1825 3219 1878 sed
3260 1840 3372 1879 non
3405 1825 3666 1895 perimus.

3195 2069 3427 2140 Propter
3470 2073 3620 2140 quod
3665 2088 3776 2127 non
3825 2073 4106 2128 deficimus
4117 2095 4132 2138 3
4193 2074 4287 2128 sed

3127 2154 3262 2211 licet
3289 2154 3337 2210 is
3357 2156 3459 2224 qui
3483 2156 3619 2212 foris
3635 2158 3721 2212 est
3755 2159 3942 2213 noster
3967 2158 4130 2213 homo
4168 2174 4288 2213 cor·

3126 2240 3429 2311 rumpitur,
3453 2244 3644 2298 tamen
3673 2243 3720 2298 is
3747 2243 3846 2313 qui
3861 2242 4019 2298 intus
4032 2246 4118 2299 est
4128 2260 4288 2298 reno-

3126 2328 3298 2381 uatur
3323 2326 3393 2382 de
3417 2327 3508 2382 die
3534 2329 3595 2382 in
3630 2329 3793 2384 diem.
3864 2329 3929 2383 Id
3968 2329 4114 2383 enim
4139 2329 4289 2399 quod

3126 2410 3186 2466 in
3201 2413 3480 2482 praesenti
3506 2416 3591 2469 est
3616 2416 4063 2470 momentaneum
4081 2417 4141 2469 et
4162 2416 4288 2469 leue

3125 2498 3504 2554 tribulationis
3536 2502 3786 2565 nostrae,
3840 2517 4009 2570 supra
4065 2501 4290 2554 modum

3126 2583 3185 2637 in
3224 2584 3573 2641 sublimitate
3598 2588 3886 2642 aeternum
3910 2586 4123 2656 gloriae
4158 2603 4289 2656 pon-

3130 2670 3231 2724 dus
3268 2674 3529 2742 operatur
3551 2671 3709 2726 nobis
3730 2688 3839 2727 non
3861 2669 4290 2740 contemplanti-

3125 2755 3235 2811 bus
3268 2765 3363 2813 cet.

796 2843 984 2898 Allein
1034 2844 1193 2898 nicht
1239 2861 1346 2897 nur
1390 2841 1481 2896 die
1519 2841 1703 2896 Citate
1737 2839 1832 2895 des
1869 2839 2298 2906 Tertullian,
2349 2841 2517 2896 deren
2554 2841 3048 2896 Verschiedenheit
3096 2858 3204 2896 von
3253 2843 3353 2896 der
3394 2842 3542 2897 11616
3591 2845 3649 2897 111
3698 2843 3884 2898 diesen
3923 2843 4111 2913 Tagen
4149 2843 4293 2897 auch

600 2949 710 2986 von
745 2931 812 2984 A.
850 2928 1258 2999 Hilgenfeld
1304 2928 1676 2983 Historekrit.
1713 2926 1867 2981 Einl.
1902 2928 1964 2980 in
1997 2924 2100 2980 das
2131 2926 2206 2980 N.
2254 2926 2311 2980 T.
2362 2926 2610 2998 (Leipzig
2650 2928 2808 2996 1875)
2858 2928 2909 2981 S.
2949 2927 3049 2981 797
3098 2927 3305 2997 richtig
3359 2928 3602 2982 erkannt
3644 2931 3862 2983 worden
3897 2930 3996 2993 ist,
4048 2929 4293 2984 weichen

600 3035 709 3072 von
745 3017 870 3070 dem
907 3014 1228 3068 Wortlaute
1265 3014 1362 3067 der
1397 3011 1700 3067 biblischeu
1738 3011 1948 3066 Stellen
1987 3010 2076 3064 bei
2115 3010 2463 3081 Augustinus
2497 3012 2584 3076 ab,
2621 3013 2856 3067 sondern
2889 3030 2945 3068 es
2979 3012 3115 3066 16661
3153 3012 3269 3068 sich
3304 3014 3450 3068 auch
3487 3014 3578 3069 bei
3614 3015 3859 3070 anderen
3893 3013 4292 3069 africanischen

600 3103 810 3156 Vatern
850 3102 947 3155 der
982 3099 1274 3155 Gebrauch
1310 3098 1461 3153 eines
1509 3114 1616 3152 von
1661 3098 1761 3151 der
1799 3095 1948 3151 11616
1992 3097 2090 3150 des
2128 3096 2475 3166 Augustinus
2514 3098 2672 3153 stark
2722 3097 3073 3152 variirenden
3108 3097 3308 3153 Textes
3347 3098 3453 3152 mit
3486 3099 3899 3155 Bestimmtheit
3931 3092 4292 3154 nach'weisen.

601 3189 672 3243 Es
708 3193 926 3259 gentige
962 3186 1082 3241 hier
1119 3186 1224 3240 auf
1253 3183 1540 3255 Cyprian
1580 3185 1696 3237 und
1738 3182 2052 3254 Vigilius
2089 3200 2218 3237 von
2254 3182 2562 3252 Thapsus
2609 3183 2977 3239 hinzuweisen
3022 3185 3137 3238 und
3181 3201 3281 3238 aus
3318 3184 3506 3254 jedem
3556 3187 3653 3241 der
3700 3187 3896 3241 beiden
3943 3184 4081 3240 zwei
4111 3186 4294 3241 Bibel-

601 3274 800 3330 stellen
837 3291 934 3326 zur
970 3270 1380 3343 Vergleichung
1413 3268 1879 3324 herauszuhebeu.
1955 3271 1979 3322 1
2019 3268 2158 3322 Tim.
2197 3270 2246 3333 5,
2285 3269 2347 3322 11
2383 3269 2496 3322 und
2535 3269 2603 3323 12
2639 3270 2820 3325 lautet
2854 3269 2943 3323 bei
2980 3269 3143 3340 Cypr.
3174 3270 3381 3325 testim.
3420 3272 3469 3326 3.
3501 3289 3553 3342 p.
3579 3271 3696 3325 325.
3734 3289 3795 3326 a:
3831 3273 4078 3328 iuniores
4112 3279 4296 3328 autem

601 3361 803 3417 viduas
833 3361 1114 3430 praeteri;
1149 3374 1270 3414 cum
1305 3358 1446 3413 enim
1477 3355 1746 3412 delicatae
1773 3355 1993 3425 suerint
2030 3356 2091 3410 in
2135 3353 2384 3422 Christe,
2429 3356 2629 3411 nubere
2676 3357 2869 3412 volunt
2910 3356 3166 3413 habentes
3202 3356 3493 3425 iudicium,
3542 3360 3802 3428 quoniam
3844 3360 4089 3429 primam
4124 3357 4296 3428 fidem

600 3448 1065 3518 reprobaverunt;
1103 3445 1354 3515 dagegen
1389 3441 1631 3497 schreibt
1668 3443 1811 3512 Aug.
1850 3459 1923 3495 611
1961 3442 2247 3497 mehreren
2284 3441 2519 3496 Stellen:
2558 3444 2803 3498 iuniores
2839 3450 3022 3498 autem
3059 3443 3258 3498 viduas
3296 3447 3491 3499 evita
3502 3466 3517 3509 ς
3553 3460 3671 3500 cum
3710 3446 3852 3498 enim
3886 3446 3961 3500 in
3997 3445 4296 3501 deliciis

602 3535 889 3603 eyerint
924 3533 984 3585 in
1020 3530 1255 3597 Christo,
1291 3530 1494 3584 nubere
1528 3529 1723 3583 volunt
1755 3528 2009 3583 habentes
2048 3527 2577 3583 damnationem
2609 3530 2777 3597 quia
2809 3530 3053 3599 primam
3075 3528 3247 3598 fidem
3287 3531 3585 3585 irritam
3614 3530 3970 3599 fecerunt.
4036 3531 4158 3585 Gal.
4181 3533 4232 3596 3,
4261 3532 4295 3585 8

602 3619 715 3673 und
755 3618 787 3670 9
824 3617 999 3672 heisst
1039 3616 1129 3670 bei
1163 3615 1324 3685 Cypr.
1362 3614 1566 3669 testim.
1610 3616 1657 3669 1.
1707 3632 1761 3683 p.
1796 3614 1897 3668 277
1933 3631 1990 3667 c:
2040 3613 2340 3682 providens
2393 3619 2576 3668 autem
2626 3617 2908 3684 scriptura
2958 3614 3150 3669 divina
3202 3655 3214 3668 .
3255 3658 3265 3669 .
3306 3656 3317 3667 .
3360 3616 3782 3684 praenuntiavit
3830 3616 4113 3684 Abrahae,
4162 3619 4297 3687 quia

601 3704 981 3760 benedicentur
1015 3704 1075 3757 in
1108 3702 1206 3756 illo
1245 3716 1427 3756 omnes
1453 3706 1668 3771 yentes;
1705 3700 1878 3770 iyitur
1914 3700 2011 3768 qui
2050 3716 2118 3754 ex
2147 3699 2260 3768 fide
2284 3706 2429 3766 sunt,
2464 3699 2731 3754 benedicti
2765 3706 2895 3755 sunt
2929 3716 3050 3755 cum
3078 3700 3241 3768 fideli
3270 3700 3579 3768 Abraham3
3615 3702 3760 3769 Aug.
3786 3717 3872 3771 ep.
3900 3701 4000 3754 196
4032 3703 4294 3757 schreibt:

596 3789 898 3861 providens
933 3795 1115 3843 autem
1148 3789 1532 3857 scriptura
1568 3826 1581 3840 .
1622 3828 1635 3841 .
1674 3821 1686 3836 .
1720 3785 2141 3854 praenuntiavit
2176 3785 2412 3839 Abrah:
2460 3787 2597 3854 quia
2631 3786 3148 3840 benedicentur
3183 3788 3255 3840 in
3292 3792 3353 3840 te
3391 3801 3572 3840 omnes
3604 3793 3805 3856 yentes,
3839 3787 3950 3841 ita
3985 3794 4063 3841 ut
4099 3792 4193 3857 qui
4228 3806 4298 3846 ex

591 3875 709 3945 fide
742 3881 873 3930 sunt
907 3873 1428 3929 benedicantur
1465 3887 1587 3927 cum
1609 3870 1772 3940 fideli
1807 3871 2018 3926 Abrah.
2106 3869 2202 3924 Bei
2238 3869 2551 3939 Vigilius
2590 3871 2824 3925 macheu
2862 3871 3120 3941 folgende
3156 3871 3366 3925 Stellen
3401 3888 3502 3925 aus
3548 3873 3671 3927 dem
3707 3871 4150 3938 Hebriierbriefe,
4197 3892 4297 3928 aus

603 3963 727 4016 dem
762 3960 937 4015 leider
971 3958 1061 4013 bei
1097 3956 1340 4028 Cyprian
1375 3957 1509 4012 kein
1544 3955 1696 4011 Citat
1726 3954 1994 4027 vorliegt,
2042 3955 2217 4010 dieses
2252 3955 2602 4009 Verhiiltniss
2648 3957 2807 4011 recht
2856 3956 3231 4012 anschaulich.
3299 3956 3439 4012 Heb.
3487 3957 3536 4021 2,
3587 3959 3649 4012 17
3699 3956 3858 4012 citirt
3901 3957 4070 4027 Vigil.
4106 3963 4298 4015 contra

603 4048 836 4117 Eutych.
875 4049 923 4100 5.
965 4063 1018 4115 p.
1056 4046 1138 4099 72.
1177 4044 1241 4098 b:
1297 4044 1442 4099 unde
1491 4043 1677 4098 debuit
1704 4059 1810 4112 per
1846 4043 2030 4096 omnia
2057 4041 2339 4112 fratribus
2374 4043 2648 4109 similare,
2701 4050 2764 4097 ut
2797 4044 3108 4099 misericors
3131 4044 3297 4112 fieret
3333 4050 3385 4099 et
3418 4043 3608 4113 fidelis
3642 4043 3902 4099 sacerdos
3935 4047 3995 4099 in
4031 4047 4118 4099 his
4158 4062 4298 4115 quae

602 4140 732 4189 sunt
767 4133 843 4188 ad
878 4133 1038 4186 deum
1072 4131 1148 4186 ad
1179 4129 1580 4200 deprecandum
1610 4145 1721 4199 pro
1754 4128 1969 4182 delictis
1999 4130 2235 4198 popuh'5
2287 4129 2543 4197 dagegen
2591 4129 2693 4182 hat
2731 4129 2874 4198 Aug.
2926 4130 2995 4182 de
3049 4131 3256 4197 peccat.
3312 4129 3491 4183 merit.
3542 4132 3601 4183 et
3650 4130 3855 4184 remiss.
3908 4131 3953 4193 1,
4005 4132 4098 4183 50:
4153 4132 4298 4186 unde

604 4220 789 4274 debuit
821 4217 1115 4273 secundum
1149 4218 1336 4271 omnia
1363 4215 1647 4284 fratribus
1685 4216 1956 4269 simil-is
1993 4230 2100 4269 ess
2117 4230 2172 4281 e,
2221 4221 2284 4269 ut
2319 4216 2528 4269 misere.
2553 4214 2716 4282 fieret
2754 4222 2804 4268 et
2827 4213 2981 4282 fidel.
3014 4217 3365 4285 princeps
3399 4216 3853 4271 sacerdotum
3889 4231 4123 4270 eorum
4159 4234 4299 4285 quae

604 4311 731 4360 sunt
768 4305 843 4358 ad
879 4304 1072 4357 deum
1103 4301 1665 4372 propitiandum
1698 4316 1806 4369 pro
1843 4299 2057 4355 delictis
2091 4300 2308 4370 populi.
2382 4299 2517 4354 Heb.
2557 4301 2607 4362 9,
2646 4301 2713 4352 24
2764 4299 3008 4354 schreibt
3042 4299 3213 4370 Vigil.
3266 4303 3459 4355 contra
3494 4301 3776 4355 Varimad.
3822 4319 3872 4369 p.
3914 4300 4029 4353 734.
4069 4319 4134 4369 g:
4188 4318 4299 4356 non

608 4392 748 4445 enim
784 4392 843 4444 in
876 4406 1044 4444 manu
1070 4388 1327 4457 fabricae
1354 4386 1524 4455 sacta
1559 4387 1778 4441 introiit
1799 4386 1976 4451 Iesus,
2013 4402 2154 4454 quae
2189 4392 2269 4440 est
2291 4386 2561 4455 alleyoria
2586 4401 2838 4439 verorum
2875 4385 2970 4454 (al.
3006 4387 3329 4454 verborum),
3368 4386 3464 4441 sed
3496 4389 3556 4440 in
3584 4389 3768 4456 ipsum
3793 4387 4002 4441 caelum
4027 4390 4300 4455 apparuit

607 4493 644 4529 a
692 4476 903 4529 dextris
955 4474 1071 4540 dei,
1126 4489 1392 4543 wogegen
1462 4474 1606 4542 Aug.
1669 4488 1742 4526 611
1811 4470 2002 4541 obiger
2063 4470 2236 4525 Stelle
2304 4467 2483 4524 citirt:
2544 4487 2656 4525 non
2712 4473 2854 4525 enim
2914 4472 2974 4525 in
3022 4487 3190 4526 manu
3235 4472 3619 4540 fabricata
3668 4477 3929 4525 sancta
3992 4473 4299 4527 introivit

608 4562 974 4626 Christus,
1013 4575 1152 4628 quae
1188 4565 1352 4613 sunt
1384 4559 1670 4613 similia
1704 4571 1984 4624 verorum,
2032 4556 2127 4610 sed
2173 4559 2235 4610 in
2282 4559 2465 4626 ipsum
2498 4558 2709 4611 caelum
2744 4572 3107 4626 apparere
3158 4562 3322 4611 ante
3350 4557 3621 4626 faciem
3653 4574 3787 4626 pro
3821 4558 4045 4611 nobis.
4117 4556 4298 4610 Wenn

607 4648 707 4701 wir
752 4644 1066 4716 angesichts
1116 4643 1293 4698 dieser
1339 4660 1399 4697 so
1447 4642 1823 4697 auffallenden
1862 4640 2352 4697 Verschiedenheit
2398 4643 2544 4697 auch
2595 4642 2735 4696 noch
2784 4642 2872 4696 die
2916 4642 3304 4697 abweichende
3355 4641 3720 4711 Reihenfolge
3772 4643 3868 4697 der
3920 4642 4300 4712 paulinischen

606 4733 788 4788 Briefe
818 4732 899 4786 im
934 4729 1326 4793 Schriftkanon
1359 4730 1454 4784 des
1491 4729 1802 4784 Tertullian
1843 4728 2135 4796 (Rbnsch
2171 4728 2223 4783 S.
2266 4728 2390 4797 318)
2445 4729 2555 4782 und
2603 4729 2699 4781 des
2741 4728 3088 4798 Augustinus
3138 4728 3272 4799 (vgl.
3322 4727 3546 4783 Einleit.
3601 4730 3632 4797 ς
3672 4728 3751 4781 10.
3793 4727 3844 4781 S.
3886 4728 3971 4797 12)
4018 4728 4103 4782 ins
4140 4729 4298 4799 Auge

603 4821 801 4885 sussen,
837 4819 910 4872 ist
953 4834 1010 4872 es
1046 4818 1118 4871 (16
1152 4815 1308 4870 nicht
1342 4832 1409 4869 zu
1446 4816 1840 4879 verwundern,
1889 4815 2014 4868 dass
2047 4830 2106 4867 es
2138 4812 2333 4867 immer
2365 4814 2508 4868 noch
2543 4814 2804 4869 Gelehrte
2841 4813 2990 4885 gibt,
3046 4814 3256 4869 welche
3303 4813 3394 4867 fur
3440 4813 3531 4866 die
3566 4812 3796 4868 Theorie
3832 4812 3983 4867 einer
4018 4814 4076 4866 111
4113 4815 4301 4870 Africa

604 4906 1008 4962 entstandeuen
1046 4902 1490 4972 Uriibersetzung
1529 4901 1873 4955 schwiirmen
1906 4899 2167 4955 konnen?
2238 4899 2365 4952 Erst
2398 4899 2456 4953 in
2493 4901 2751 4954 neuester
2777 4900 2897 4955 Zeit
2932 4900 3034 4954 hat
3068 4900 3215 4954 diese
3249 4899 3479 4954 Ansicht
3505 4916 3575 4953 611
3605 4900 3655 4953 J.
3685 4898 3752 4952 N.
3784 4898 3900 4953 Ott
3946 4899 4037 4952 die
4069 4916 4301 4956 neueren

606 4994 997 5061 Forschunyen
1029 4991 1106 5044 im
1149 4989 1366 5044 Gebiete
1413 4988 1508 5042 des
1543 4987 1875 5041 Bibellatein
1926 4985 2017 5055 (N.
2054 4985 2245 5040 Jahrb.
2287 4985 2379 5039 fiir
2411 4984 2613 5039 Philol.
2662 4985 2775 5038 und
2812 4985 3018 5056 Piidag.
3057 4986 3108 5039 S.
3150 4986 3249 5039 757
3288 4985 3369 5055 ff.)
3418 4985 3620 5040 wieder
3668 4983 3833 5039 einen
3872 4984 4158 5038 Vertreter
4204 5004 4298 5057 ge-

603 5079 825 5140 funden,
859 5079 955 5131 der
991 5074 1263 5130 nebenbei
1296 5073 1439 5127 auch
1476 5072 1566 5127 die
1598 5071 1957 5142 Hypotheseu
1991 5071 2128 5126 iiber
2161 5072 2269 5126 den
2305 5071 2522 5125 Numen
2559 5071 2657 5125 der
2693 5069 2841 5125 Itala
2877 5089 2971 5124 um
3008 5069 3132 5126 eine
3164 5088 3303 5126 neue
3340 5072 3620 5126 vermehrt
3668 5071 3792 5133 1161,
3839 5070 4047 5125 welche
4082 5070 4191 5125 alle
4226 5089 4299 5125 611

605 5162 1125 5218 011611166111161111611
1174 5158 1537 5215 iiberbietend
1589 5157 1694 5213 wie
1734 5157 1824 5213 ein
1857 5158 1911 5211 N
1913 5157 2155 5213 ebelbild
2201 5156 2489 5221 zerfliesst,
2535 5172 2699 5210 wenn
2748 5173 2877 5210 111611
2928 5156 3016 5210 ihr
3066 5158 3165 5210 auf
3214 5158 3321 5212 den
3369 5156 3501 5211 Leib
3547 5156 3756 5211 rucken
3806 5154 3937 5209 will.
4008 5156 4062 5209 N
4063 5158 4168 5211 ach
4203 5158 4302 5211 Ott

604 5249 682 5318 (S.
722 5249 844 5318 769)
878 5249 954 5302 ist
989 5247 1233 5302 numlich
1279 5244 1368 5300 die
1405 5245 1554 5300 11616
1599 5245 1736 5300 ‘eine
1783 5245 1887 5299 den
1935 5247 2161 5308 bunten,
2210 5246 2271 5298 in
2314 5243 2686 5313 bestdndiyem
2733 5242 2978 5297 Wechsel
3025 5244 3357 5314 beyriffenen
3395 5242 3788 5311 Gestaltunyen
3839 5242 3938 5296 der
3977 5241 4050 5297 hl.
4091 5243 4302 5315 Schrift

604 5335 903 5405 yeyem‘zber
937 5336 1203 5389 sicherere
1237 5331 1355 5387 und
1381 5330 1811 5400 feststehendere
1845 5329 2286 5400 Ueberlieferuny
2319 5328 2436 5384 und
2472 5345 2624 5384 zwar
2659 5328 2749 5384 die
2774 5329 2935 5383 Bibel
2970 5328 3067 5383 der
3103 5329 3435 5384 kirchlichen
3468 5327 3758 5383 Gemeinde
3795 5327 3910 5381 und
3948 5328 4303 5398 lituryischen

608 5422 822 5475 Praaeis
857 5422 917 5474 in
952 5421 1182 5488 Africa;
1219 5419 1423 5475 Itala
1457 5435 1597 5473 war
1631 5416 1753 5472 der
1791 5416 2397 5472 volksthumliche
2436 5416 2652 5470 Name
2686 5416 2774 5469 im
2803 5415 3236 5485 Geyensatze
3269 5431 3413 5469 zum
3445 5414 3948 5484 yriechischen
3976 5412 4301 5485 Oriyinal,

605 5503 872 5561 wdhrend
905 5507 984 5559 sie
1019 5506 1079 5560 in
1115 5505 1212 5558 der
1249 5504 1493 5574 Sprache
1523 5503 1620 5558 der
1660 5501 1976 5559 Gebildeten
2013 5501 2256 5556 latina
2291 5503 2829 5571 interpretatio
2880 5502 3054 5556 hiess'.
3127 5498 3252 5555 Wie
3292 5500 3442 5554 kann
3480 5517 3609 5553 man
3645 5498 3748 5552 auf
3788 5497 3909 5553 eine
3944 5498 4126 5553 solche
4164 5502 4301 5557 Ver-

608 5589 889 5660 muthung
923 5589 1197 5653 kommen,
1237 5606 1394 5644 wenn
1430 5606 1560 5644 111611
1595 5588 1685 5643 (116
1722 5585 1935 5658 einzige
1975 5586 2147 5641 Stelle
2183 5587 2281 5641 der
2315 5604 2530 5657 ganzen
2561 5587 2953 5656 patristischeu
2991 5585 3297 5650 Literatur,
3346 5602 3421 5639 611
3472 5584 3707 5640 welcher
3747 5583 3837 5639 die
3871 5583 4017 5637 Itala
4052 5588 4303 5642 erwdhnt

607 5676 746 5731 wird
786 5677 1095 5746 (August.
1133 5676 1201 5729 de
1236 5674 1470 5731 doctrin.
1512 5675 1710 5731 Christ.
1746 5674 1795 5739 2,
1839 5674 1927 5738 163
1964 5673 2074 5742 vgl.
2110 5671 2331 5725 Einleit.
2368 5674 2400 5742 g
2442 5673 2522 5727 19.
2561 5673 2612 5727 S.
2650 5672 2766 5740 20),
2805 5671 2910 5726 mit
2945 5671 3204 5743 ruhigem
3242 5672 3406 5726 Blute
3442 5670 3745 5725 iiberliest‘?
3815 5669 3886 5725 Ja
3919 5670 4106 5735 selbst‚
4143 5688 4303 5731 wenn

817 5781 843 5818 Z
855 5781 865 5818 i
877 5793 897 5819 e
910 5782 1036 5829 gler,
1077 5780 1290 5828 Freisinger
1315 5780 1663 5827 litis-anmeme.
3909 5774 3941 5825 9
