5117 6800
841 1122 934 1193 A

444 1281 589 1340 εμοι
671 1279 749 1321 το
829 1278 938 1319 ναι
1028 1276 1135 1316 ναι
1214 1276 1322 1316 και

444 1388 521 1430 το
558 1387 635 1428 ου
676 1384 754 1427 ου
813 1362 1124 1425 ¹⁸motoer
1164 1360 1242 1423 δε
1284 1383 1322 1421 o

446 1477 549 1537 θσ
605 1492 703 1535 οτι
752 1492 789 1533 o
829 1468 1019 1549 λογοσ
1060 1489 1245 1549 ημων
1284 1489 1319 1530 ο

447 1594 623 1660 προσ
694 1597 872 1659 υμασ
952 1595 1067 1637 ουκ
1140 1588 1321 1637 εστιν

445 1708 553 1747 ναι
589 1707 698 1747 και
754 1704 830 1747 ου
900 1683 1004 1744 ¹⁹0
1061 1700 1176 1743 του
1224 1683 1320 1742 θυ

443 1813 562 1872 γαρ
628 1813 758 1863 υιος
834 1805 901 1853 ισ
979 1801 1066 1866 χο·
1138 1808 1175 1848 ο
1248 1807 1321 1847 εν

444 1919 599 1978 υμιν
642 1897 708 1960 δι
749 1916 932 1979 ημων
961 1896 1319 1975 κηρυχθεισ

446 2003 511 2067 δι
576 2026 735 2086 εμου
799 2024 905 2064 και
971 1999 1319 2065 σιλουανου

446 2133 554 2174 και
603 2112 957 2190 τειμοθευυ
1019 2128 1134 2169 ουκ
1187 2128 1318 2186 eye-

445 2237 596 2279 νετο
664 2239 773 2279 ναι
841 2237 948 2277 και
1020 2236 1094 2277 ου
1151 2212 1318 2276 aii-a

446 2345 554 2385 ναι
640 2344 712 2384 εν
792 2344 969 2384 amm
1062 2342 1319 2400 γεγονεν

448 2428 507 2468 ²⁰
521 2445 669 2493 οσαι
743 2451 863 2510 γαρ
946 2427 1319 2508 enarr-siem

443 2539 541 2599 ἂν
584 2559 654 2599 εν
697 2557 874 2597 αυτω
916 2557 1007 2595 τω
1050 2557 1155 2596 ναι
1216 2534 1319 2598 διο

438 2665 548 2706 και
601 2641 669 2705 δι
739 2662 945 2704 αυτου
1012 2663 1088 2703 το
1143 2663 1320 2723 αμην

440 2771 532 2811 τω
587 2753 696 2811 θω
753 2763 930 2828 προσ
989 2745 1194 2821 δοξαν
1254 2747 1317 2809 δι

439 2878 624 2938 'Mum'

447 2961 500 2999 ²¹
518 2983 553 3020 ο
572 2960 644 3023 δι-
686 2963 971 3040 βεβαιων
996 2977 1175 3039 υμασ
1195 2976 1319 3022 συν

441 3087 594 3145 υμιι·
635 3080 734 3129 sto·
772 3086 853 3143 χν
897 3086 1001 3126 και
1044 3081 1318 3146 χρεισασ

440 3187 620 3252 υμασ
650 3174 751 3235 :to
791 3170 885 3233 2²0
914 3193 1019 3233 και
1052 3187 1320 3254 σφραγι-

441 3292 739 3358 σαμενοσ
782 3293 962 3358 ημασ
1003 3300 1111 3341 και
1154 3277 1319 3342 devo

443 3407 558 3446 τον
586 3388 936 3466 αρραβωνα
975 3408 1091 3448 του
1124 3407 1319 3449 πνευ-

443 3508 662 3572 ματοσ
702 3514 773 3553 εν
813 3508 967 3557 ‘cato‘
1015 3494 1319 3574 καρδιαισ

441 3621 624 3682 ημων
669 3599 726 3637 2³
748 3621 868 3678 εγω
908 3598 983 3661 δε
1019 3622 1319 3680 μαρτυρα

442 3726 556 3766 τοι·
600 3708 695 3766 191³
734 3703 1165 3791 επικαλουμᾳι
1208 3729 1320 3770 em

440 3832 560 3891 την
586 3832 751 3893 εμην
788 3822 1011 3897 ψυχην
1045 3834 1143 3874 οτι
1179 3836 1318 3894 (μι-

441 3918 713 3997 δομετυς
754 3939 936 3995 vium·
971 3940 1182 3979 ουκετι
1216 3918 1317 4000 ηλ-

441 4028 573 4087 θον
616 4047 703 4095 ug
757 4028 1067 4103 κοριι·ι’)ον
1126 4024 1315 4103 ’4ουχ

441 4153 539 4193 οτι
580 4151 957 4211 κυριευομει·
982 4152 1162 4211 υμων
1191 4148 1314 4213 τησ

441 4251 737 4300 mommo·
797 4237 961 4298 αλλα
1026 4254 1319 4317 συνεργοι

441 4358 645 4423 εσμεν
687 4357 812 4423 ‘trio‘
873 4359 1089 4421 χαρασ
1138 4367 1318 4422 υμων

442 4471 521 4532 τη
563 4470 684 4528 γαρ
729 4464 945 4510 mom
1003 4465 1317 4530 εστῃκατε

440 4554 510 4619 Π.
548 4556 839 4635 leuet—nu
897 4577 1015 4634 γαρ
1060 4578 1319 4633 εμαυτω

439 4684 633 4725 τουτο
688 4684 764 4723 το
826 4682 917 4741 μη
988 4660 1190 4723 nain·
1251 4684 1320 4722 εν

1454 1250 1647 1315 etiam
1691 1252 1883 1317 etiam
1899 1299 1915 1330 ,
1960 1272 2092 1317 non
2151 1272 2286 1319 non
2300 1256 2332 1317 Ῥ

1463 1358 1516 1396 ¹⁸
1543 1355 1769 1422 Fidelis
1849 1362 2069 1424 autem
2154 1358 2330 1439 deus,

1454 1464 1606 1546 quia
1671 1484 1879 1529 sermo
1942 1470 2157 1531 noster
2220 1467 2330 1549 qui

1451 1570 1536 1634 ad
1600 1589 1718 1635 uos
1784 1590 1918 1635 non
1974 1576 2069 1636 est
2124 1573 2332 1649 ,etiam

1450 1679 1518 1740 et
1543 1696 1696 1741 non.
1750 1679 1803 1716 ¹⁹
1817 1677 1932 1742 Dei
1965 1679 2137 1742 enim
2165 1680 2330 1744 filius

1450 1781 1621 1847 Iesus
1703 1782 1988 1849 Clu-istus
2074 1786 2183 1868 qui
2262 1788 2328 1851 in

1452 1889 1637 1953 uobis
1658 1909 1772 1972 per
1792 1910 1910 1955 nos
1933 1894 2330 1974 praedicatus

1453 1999 1566 2074 est,
1615 2016 1730 2079 per
1756 2017 1860 2062 me
1901 2001 1964 2063 et
1993 1999 2327 2065 Siluanum

1453 2105 1519 2167 et
1537 2101 2014 2183 Thimotheum‚
2058 2126 2188 2172 non
2214 2107 2329 2172 fuit

1450 2210 1641 2274 etiam
1687 2213 1750 2273 et
1794 2231 1944 2291 non,
1984 2214 2095 2278 sed
2134 2215 2328 2279 etiam

1450 2316 1568 2379 fuit
1609 2317 1674 2380 in
1715 2315 1838 2381 illo.

1455 2421 1885 2505 ²⁰Quodquod
1950 2427 2120 2489 enim
2176 2431 2329 2492 sunt

1448 2530 1893 2612 promissiones
1936 2531 2064 2610 dei,
2110 2534 2176 2597 in
2221 2534 2327 2598 illo

1451 2638 1678 2711 etiam;
1712 2642 2059 2721 propterea
2099 2647 2159 2705 et
2202 2662 2326 2721 per

1449 2761 1599 2808 eum
1644 2763 1835 2807 amen
1896 2744 2015 2809 deo
2060 2747 2147 2811 ad
2190 2747 2326 2830 glo-

1448 2850 1609 2914 riam
1651 2849 1685 2888 ²1¹
1699 2851 1734 2888 *
1751 2852 1785 2889 *

1453 2957 1479 2995 ³
1488 2956 1511 2994 ¹
1526 2956 1632 2996 *²¹¹*
1647 2957 1978 3022 uobiscum
1999 2959 2065 3024 in
2078 2957 2327 3024 Christo

1452 3066 1516 3127 et
1565 3063 1674 3145 qui
1724 3064 1943 3129 uncxit
1996 3083 2113 3128 nos
2169 3066 2325 3130 deus

1455 3169 1512 3207 θ’
1524 3173 1590 3233 θῖ
1623 3171 1899 3251 signauit
1947 3190 2066 3234 nos
2109 3174 2174 3235 et
2215 3171 2326 3235 de·

1451 3276 1545 3340 dit
1618 3278 1847 3359 pignus
1919 3276 2210 3359 spiritum
2258 3278 2326 3342 in

1450 3382 1746 3449 cordibus
1796 3384 2038 3448 uestris.

1453 3597 1511 3637 ²⁸
1532 3596 1666 3678 Ego
1772 3599 1987 3661 autem
2099 3599 2324 3661 testem

1449 3704 1640 3768 deum
1686 3704 1933 3768 inuoco.
1959 3722 2149 3785 super
2189 3704 2326 3767 ani-

1448 3830 1623 3875 mam
1707 3829 1923 3873 meam
2019 3811 2326 3893 quoniam

1447 3935 1716 3999 parcens
1785 3916 1965 3980 uobis
2034 3917 2324 3981 nondum

1447 4024 1597 4087 ueni
1653 4022 2050 4098 Corinthum,
2122 4024 2322 4087 ²⁴non

1449 4131 1601 4211 quia
1690 4129 2096 4193 dominamur
2175 4129 2324 4194 fidei

1449 4241 1698 4301 uestrae
1737 4235 1848 4300 sed
1887 4241 2326 4319 cooperatores

1422 4346 1427 4351 ”
1447 4362 1668 4406 sumus
1693 4342 1905 4422 gaudii
1936 4343 2155 4418 uestri;
2199 4343 2325 4408 fide

1448 4451 1616 4515 enim
1658 4449 1853 4539 statis,

1448 4556 1521 4619 ΙΙ.
1574 4558 1593 4594 ¹
1626 4555 1833 4621 Statui
1935 4557 2106 4618 enim
2203 4555 2326 4619 hoc

1452 4667 1613 4745 aput,
1666 4683 1769 4727 me
1827 4682 1906 4727 ne
1962 4663 2190 4726 iterum
2262 4662 2329 4726 in

2350 931 2441 1002 93

2818 2094 2854 2132 *
2894 2094 2953 2158 N
2953 2113 3040 2158 on
3082 2095 3216 2157 erat
3258 2093 3326 2157 in

2449 2198 2699 2265 Christo
2742 2204 2837 2264 est
2881 2204 2945 2265 et
2985 2219 3117 2266 non
3135 2248 3151 2277 ‚
3212 2202 3324 2265 sed

2449 2310 2544 2371 est
2584 2307 2651 2370 in
2696 2307 2801 2372 illo
2846 2310 3003 2372 erat.

2448 2413 2484 2452 *
2501 2412 2870 2498 ²Quotquot
2946 2413 3116 2479 enim
3178 2434 3326 2497 pro-

2447 2520 2773 2586 missiones
2858 2522 2976 2600 dei,
3061 2522 3129 2585 in
3221 2521 3326 2586 illo

2448 2628 2660 2692 etiam.

2988 3608 3055 3647 *⁸
3068 3607 3324 3673 Testem

2451 3714 2646 3777 deum
2724 3713 2883 3778 facio
2943 3733 3134 3798 super
3187 3715 3326 3779 ani-

2450 3839 2628 3884 mam
2650 3837 2865 3883 meam
2886 3821 3037 3902 quia
3057 3840 3326 3904 parcens

2450 3925 2632 3989 uobis
2672 3925 2964 3990 nondum
3012 3928 3162 3991 ueni
3204 3926 3328 3993 Co-

2446 4032 2754 4108 rinthum,
2783 4050 2916 4097 non
2942 4034 3094 4116 quia
3123 4034 3329 4099 domi-

2448 4157 2683 4203 namur
2724 4139 2869 4203 fidei
2923 4143 3173 4205 uestrae
3214 4142 3328 4206 sed

2448 4248 2888 4327 cooperatores
2924 4266 3145 4311 sumus
3170 4267 3328 4328 gau·-

2449 4350 2535 4414 dii
2579 4351 2793 4415 uestri.

3852 1121 3952 1189 Β

3467 1255 3561 1318 θεῖ
3595 1254 3658 1316 θῖ
3696 1256 3872 1317 non?

3476 1357 3527 1395 ¹⁸
3545 1357 3769 1424 Fidelis
3850 1363 4069 1426 autem
4163 1359 4338 1438 deus,

3461 1465 3616 1546 quia
3673 1484 3884 1530 sermo
3957 1467 4171 1531 noster
4229 1467 4339 1558 qui

3463 1571 3536 1640 fit
3581 1572 3756 1654 apud
3798 1592 3916 1638 uos
3959 1591 4091 1637 non
4135 1575 4231 1637 est
4269 1573 4336 1638 in

3460 1677 3565 1742 illo
3626 1682 3723 1743 est
3779 1683 3844 1744 et
3896 1697 4047 1744 non.
4153 1679 4335 1745 ¹⁹Dei
4385 1680 4419 1734 5

3461 1786 3634 1850 enim
3674 1786 3839 1851 filius
3858 1785 4029 1850 Iesus
4051 1784 4335 1853 Christus

3465 1893 3575 1975 qui
3651 1892 3717 1957 in
3789 1892 3971 1958 uobis
4033 1912 4148 1975 per
4216 1914 4336 1960 nos

3457 1998 3863 2081 praedicatus
3903 2003 4016 2077 est,
4074 2020 4188 2082 per
4230 2020 4334 2066 me

3458 2108 3524 2168 et
3582 2105 3919 2171 Siluanum
3990 2110 4053 2171 et
4117 2107 4334 2173 Timo-

3455 2212 3713 2290 theum,
3767 2227 3901 2278 non
3960 2214 4078 2279 fuit
4133 2218 4227 2279 est
4269 2220 4335 2282 et
4351 2222 4419 2277 10

3455 2339 3609 2396 non,
3653 2321 3764 2384 sed
3807 2323 3902 2385 est
3937 2320 4008 2383 in
4048 2320 4154 2386 illo
4195 2323 4329 2387 fuit.

3461 2427 3520 2464 ²⁰
3535 2426 3896 2509 Quodquod
3954 2428 4122 2491 enim
4185 2449 4332 2511 pro-

3459 2532 3786 2597 missiones
3857 2533 3959 2597 dei
4013 2539 4192 2613 sunt,
4264 2539 4331 2601 in

3455 2638 3561 2702 illo
3641 2642 3762 2714 est;
3865 2641 4007 2705 ideo
4086 2646 4151 2707 et
4219 2663 4334 2725 per

3456 2744 3664 2827 ipsum
3705 2765 3895 2811 amen
3927 2746 4048 2813 deo
4077 2749 4162 2813 ad
4199 2750 4333 2830 glo-
4351 2759 4416 2814 15

3452 2852 3614 2916 riam
3658 2855 3960 2916 nostram.

3459 2959 3516 2996 ²¹
3532 2956 3654 3035 Qui
3709 2960 3926 3022 autern
3998 2960 4334 3024 confirmat

3454 3084 3571 3129 nos
3589 3064 3916 3128 uobiscum
3931 3066 3997 3129 in
4012 3063 4332 3131 Christum

3455 3170 3641 3253 etqui
3677 3171 3858 3235 unxit
3885 3190 4002 3235 nos
4026 3173 4182 3237 deus
4211 3173 4333 3237 ΜΞθῖ

3458 3277 3567 3359 qui
3608 3277 3882 3357 signauit
3916 3297 4034 3342 nos
4071 3283 4135 3343 et
4157 3280 4332 3344 dedit
4349 3285 4418 3341 20

3457 3383 3684 3467 pignus
3728 3385 3981 3468 spiritus
4013 3386 4080 3451 in
4125 3386 4332 3452 cordi-

3455 3493 3576 3556 bus
3617 3492 3863 3556 nostris.

3462 3598 3519 3637 ⁹⁸
3547 3597 3683 3679 Ego
3791 3602 4007 3662 autem
4108 3603 4335 3666 testem

3459 3705 3651 3769 deum
3691 3704 3920 3769 inuoco
3952 3706 4017 3768 in
4047 3709 4334 3773 animam

3457 3830 3673 3875 meam
3809 3812 3981 3893 quod
4067 3834 4335 3897 parcens
4354 3812 4420 3868 25

3458 3919 3641 3982 uobis
3732 3936 3865 3982 non
3939 3921 4086 3985 ueni
4167 3921 4333 3986 ultra

3459 4024 3870 4103 Corinthum,
3946 4026 4141 4091 ²⁴non
4185 4028 4334 4110 quia

3460 4133 3866 4197 dominamur
3905 4134 4050 4197 fidei
4083 4138 4333 4198 uestrae

3458 4240 3572 4304 sed
3598 4239 3918 4303 adiutores
3935 4258 4154 4303 sumus
4176 4258 4332 4319 gau·

3461 4347 3545 4411 dii
3643 4345 3862 4418 uestri3
3962 4364 4112 4408 nam
4206 4344 4332 4409 fide
4350 4345 4417 4400 3⁰

3457 4452 3726 4517 stetistis.

3458 4559 3531 4622 Π.
3565 4559 3806 4621 ¹Statui
3831 4561 4047 4621 autem
4065 4556 4185 4619 hoc
4203 4557 4334 4638 ipse

3460 4668 3615 4746 aput
3673 4685 3778 4728 me
3846 4683 3925 4727 ne
3976 4664 4204 4727 iterum
4270 4663 4335 4726 in

441 4838 510 4891 Α
582 4837 661 4889 15.
699 4854 827 4902 προσ
870 4836 1018 4891 δοξαν
1057 4856 1198 4899 mum
1233 4835 1275 4891 C
1297 4835 1414 4892 LO.
1490 4837 1569 4890 17.
1607 4857 1741 4901 ημσω
1782 4836 1832 4888 d.
1870 4834 2051 4906 fibrig.
2085 4836 2387 4892 Hundschr.
2464 4836 2544 4889 19.
2577 4856 2714 4903 ημασ
2749 4836 2821 4891 B'
2856 4838 2971 4892 und
3009 4838 3064 4893 d.
3101 4838 3279 4910 fibrig.
3358 4840 3440 4894 22.
3477 4841 3620 4908 καρδ.
3662 4859 3799 4898 mee-n
3835 4836 3893 4890 in
3931 4836 3964 4889 2
4001 4834 4335 4889 Mjnuskeln.

579 4921 663 4974 32.
700 4941 865 4986 fagum
903 4922 956 4972 δε
991 4922 1046 4970 Σ
1080 4920 1193 4974 und
1230 4923 1454 4978 andere.

437 5008 507 5061 B
584 5006 663 5060 17.
702 5007 755 5060 in
798 5005 1014 5061 Christo
1050 5006 1085 5060 d
1110 5021 1155 5075 g·
1194 5006 1362 5076 Vigil.
1439 5009 1518 5062 19.
1556 5010 1651 5081 qm·
1686 5024 1785 5061 vor
1822 5008 2067 5076 siynauit
2101 5005 2246 5060 fehlt
2280 5005 2447 5076 Vigil.
2518 5007 2604 5061 20.
2641 5008 2901 5077 spiritum
2942 5009 3220 5071 Ambros„
3275 5009 3419 5064 Amb

574 5090 664 5145 die
703 5092 950 5162 Vulgata
987 5109 1095 5147 von
1132 5092 1355 5148 Toledo.
1424 5093 1508 5147 26.
1542 5093 1784 5148 nondum
1836 5095 1967 5146 ueni
1999 5092 2318 5147 Corinthum
2352 5092 2715 5147 Ambrosiast.
2764 5106 2876 5148 non
2926 5096 3054 5150 ueni
3092 5095 3216 5150 Gor.
3253 5111 3297 5164 g
3341 5113 3415 5151 no

3513 5009 3633 5064 ἀεῖ.
3700 5009 3784 5063 21.
3820 5009 4021 5063 nestris
4058 5007 4156 5060 hat
4193 5004 4339 5060 auch

3501 5099 3664 5151 uenio
3703 5096 3825 5149 C'or.
3864 5094 3914 5148 d.
3986 5094 4070 5147 29.
4107 5110 4175 5145 zu
4212 5106 4337 5147 coo·

576 5185 861 5246 peratorcs
897 5178 1069 5249 vei-gl.
1092 5179 1359 5235 Oriental.
1380 5196 1465 5250 ep.
1492 5180 1562 5233 ad
1589 5181 1793 5249 Symm.
1820 5178 1981 5233 Conc.
2020 5182 2153 5232 tom.
2176 5180 2211 5232 4
2247 5179 2348 5233 ool.
2390 5180 2524 5234 1805
2556 5198 2593 5234 a
2625 5197 2739 5234 non
2775 5181 2915 5234 enim
2942 5180 3293 5236 dominamur
3324 5183 3483 5237 uobis
3515 5184 3573 5235 in
3599 5182 3732 5250 fide,
3771 5181 3866 5236 sed
3904 5194 4340 5248 cooperamur

580 5265 633 5315 in
671 5263 896 5332 qaudio.
967 5265 1052 5318 30.
1077 5264 1195 5334 fide
1231 5268 1372 5321 enim
1408 5267 1572 5321 statis
1616 5263 1973 5319 Ambrosiast.
2066 5264 2149 5317 32.
2183 5266 2286 5319 leoc
2321 5272 2466 5334 aput
2498 5282 2583 5320 me
2617 5264 2750 5321 ibid.

440 5350 499 5405 (Ἰ
575 5349 601 5379 *
636 5349 703 5403 de
742 5347 1008 5418 magistro
1050 5352 1130 5404 14.
1201 5351 1270 5382 *⁸
1303 5352 1364 5406 in
1406 5352 1596 5423 psalm.
1641 5353 1754 5415 107,
1794 5351 1827 5404 2
1866 5350 1923 5403 in
1960 5349 2077 5404 Ioh.
2116 5367 2313 5420 evang.
2345 5349 2431 5414 28,
2470 5351 2503 5404 9
2538 5351 2940 5408 eontraFaust.
2985 5354 3064 5418 19,
3102 5354 3152 5408 8.
3224 5355 3252 5386 *
3274 5355 3296 5383 ⁸
3331 5352 3490 5424 epist.
3515 5353 3634 5417 211,
3669 5352 3719 5406 2.
3747 5383 3783 5392 -·
3820 5352 3903 5405 24.
3941 5354 4136 5406 imwco
4176 5367 4344 5421 snper

579 5437 817 5489 animam
855 5452 1028 5489 meam
1064 5435 1227 5505 epist.
1266 5438 1380 5503 157,
1420 5439 1506 5492 40.

431 5572 503 5627 n
572 5571 624 5624 4.
659 5571 783 5638 fuit
814 5585 912 5639 vg.
986 5572 1065 5625 12.
1104 5532 1404 5642 ...mimi
1437 5572 1518 5628 m
1597 5574 1676 5628 13.
1716 5572 1926 5626 damam·
1963 5570 2046 5626 tn.
2116 5572 2201 5627 18.
2252 5572 2532 5630 uobiscum
2582 5577 2821 5630 chrisme
2856 5573 3110 5631 dominus
3146 5574 3227 5631 ru.
3300 5576 3383 5630 19.
3431 5577 3628 5630 uncxit
3659 5573 3743 5627 ru.
3818 5574 3900 5627 21.
3947 5575 4152 5644 pignus
4200 5574 4346 5628 ctare·

572 5663 716 5712 stum
754 5654 835 5711 fu.
908 5658 992 5712 30.
1017 5658 1135 5727 fide
1173 5660 1313 5713 em'm
1351 5662 1515 5715 statis
1549 5658 1618 5714 fu
1648 5676 1777 5713 nam
1801 5658 1921 5725 fide
1956 5661 2120 5713 statis
2155 5673 2252 5728 vg.
2333 5659 2419 5714 32.
2456 5662 2641 5730 ipsum
2676 5675 2774 5730 vg.

2019 5762 2054 5813 2
2090 5759 2210 5816 Cor.
2254 5764 2303 5825 1,
2345 5761 2563 5818 17-24.
2632 5763 2681 5827 2,
2724 5764 2769 5818 l.

3885 5856 3987 5909 12·
