5117 6800
911 1059 1002 1128 A

523 1195 599 1258 δε
626 1193 1046 1273 mammaea
1078 1212 1244 1268 υπερ
1272 1204 1395 1272 τησ

524 1322 704 1381 υμων
750 1299 1227 1381 παρακλησεωσ
1271 1311 1395 1377 τησ

528 1422 989 1487 ενεργουμενησ
1005 1428 1077 1465 ει·
1100 1425 1396 1484 υπομονη

525 1535 653 1575 των
707 1534 922 1574 αυτων
974 1513 1397 1592 παθηματων

527 1642 614 1680 cm·
655 1641 759 1681 xm
800 1633 991 1701 ημεισ
1047 1633 1395 1697 πασχομεν

522 1748 627 1788 και
651 1748 690 1806 η
721 1724 913 1788 ελπισ
954 1745 1132 1804 υμων
1155 1725 1394 1804 βεβαια

522 1853 689 1912 υπερ
745 1852 925 1911 υμων
991 1852 1116 1890 ene
1183 1850 1392 1908 παρα-

520 1938 903 2018 καλουμεθα
1003 1958 1170 2014 υπερ
1266 1951 1389 2017 τησ

522 2066 700 2127 υμωι·
756 2043 1229 2125 παρακλησεωσ
1285 2063 1391 2103 και

521 2165 849 2233 σωτηριασ
928 2150 1229 2212 ἐιδοτεσ
1288 2170 1385 2210 οτι

521 2271 617 2321 ωσ
676 2278 962 2319 κοινωνοι
1042 2271 1193 2318 εστε
1258 2276 1389 2316 των

521 2367 939 2445 παθηματωι·
1002 2375 1213 2425 ουτωσ
1283 2382 1391 2422 και

517 2487 641 2552 wgo
707 2468 1182 2551 παρακλησεωσ
1269 2467 1388 2529 8ου

516 2598 634 2657 γαρ
693 2576 979 2657 &elopem
1058 2590 1237 2654 υμαο·
1315 2596 1388 2636 α-

522 2704 732 2763 yvo-m·
754 2682 1028 2762 αδελφοι
1053 2703 1220 2761 υπερ
1261 2694 1388 2763 τησ

516 2788 628 2851 θλι
640 2799 825 2875 ψεωσ
853 2809 1034 2869 ημωι·
1061 2802 1184 2869 τησ
1217 2808 1387 2865 γενο·

516 2909 725 2975 μενησ
783 2915 854 2955 εν
910 2910 1068 2956 amoc
1110 2915 1207 2955 οτι
1246 2897 1387 2956 καθ

517 2998 884 3080 υπερβολην
914 3021 1079 3080 υπερ
1105 2997 1387 3079 δυναμιν

518 3109 940 3190 εβαρηθημεν
1003 3122 1171 3169 ωστε
1243 3108 1386 3181 εξα-

519 3216 891 3296 πορηθηναι
928 3229 1106 3295 ημασ
1140 3235 1247 3275 και
1272 3234 1386 3276 του

517 3322 628 3403 ζην
671 3318 878 3382 ⁹aua
905 3340 1088 3381 αυτοι
1132 3342 1203 3382 εν
1243 3340 1385 3381 εαυ-

515 3443 657 3490 τοισ
718 3449 794 3488 το
861 3448 1193 3508 αποκριμα
1270 3449 1385 3489 του

515 3536 818 3596 &avaron
868 3548 1231 3616 εσχηκαμεν
1273 3557 1386 3597 ινα

512 3661 604 3722 μη
635 3642 1052 3704 πεποιθοτεσ
1083 3662 1255 3721 ωμεν
1295 3663 1380 3724 eq)

515 3762 778 3810 εαυτοισ
821 3745 941 3809 αλλ
983 3768 1095 3808 επι
1145 3768 1235 3807 τω
1279 3752 1384 3810 &w

512 3874 602 3913 τω
617 3874 918 3934 εγειρωτι
934 3869 1096 3916 τουσ
1120 3870 1385 3934 νεκρουσ

521 3959 575 3997 ¹⁰
609 3980 685 4022 οσ
831 3981 901 4020 εκ
1013 3958 1384 4042 τηλικουτου

513 4070 812 4128 &avaron
868 4086 1144 4146 ερυσατο
1204 4088 1383 4150 ημασ

511 4193 617 4233 και
658 4193 921 4252 Qvo-svm
962 4194 1057 4235 εισ
1091 4194 1166 4234 ον
1196 4173 1382 4255 ηλπι-

510 4299 718 4358 καμεν
799 4300 905 4340 xm
988 4300 1082 4340 ετι
1121 4300 1382 4359 ρυσεται

519 4385 572 4422 ¹¹
612 4405 1218 4465 συνυπουργουιτων
1276 4408 1383 4448 και

512 4512 694 4571 υμων
731 4512 898 4573 υπερ
939 4513 1120 4573 ημων
1160 4513 1238 4572 τη
1280 4491 1381 4552 δἐ-

509 4619 646 4681 ησει
670 4620 777 4661 ινα
799 4622 868 4659 εκ
893 4597 1150 4660 πολλων
1180 4615 1380 4678 προσ-

511 4746 575 4800 Δ
648 4746 728 4800 11.
777 4769 820 4794 οι
856 4766 1044 4798 κοινων.
1081 4743 1187 4798 FG
1237 4764 1304 4795 ωσ
1341 4764 1528 4798 xenon.
1564 4742 2042 4799 2ACD‘E‘MP
2084 4761 2252 4812 ωσπερ
2302 4765 2490 4799 κοινωυ.
2526 4743 2924 4799 Db⁰·0E¹KL.
2994 4773 3056 4784 -

1526 1190 1824 1255 bulamur
1853 1206 1967 1272 pro
1995 1191 2204 1253 uestra
2247 1208 2398 1253 con-

1524 1297 1831 1361 solatione
1891 1300 1956 1359 et
2007 1295 2208 1359 salute
2266 1296 2397 1359 siue

1525 1404 1930 1469 obsecramus
1969 1420 2086 1483 pro
2119 1405 2395 1465 uestram

1525 1510 2016 1575 consolationem
2052 1527 2217 1590 quae
2246 1527 2396 1590 ope-

1522 1619 1700 1682 ratur
1741 1617 1806 1679 in
1873 1615 2395 1679 sustentationem

1523 1723 1895 1787 earumdem
2030 1721 2394 1803 passionum

1522 1848 1682 1913 quas
1724 1832 1788 1893 et
1829 1847 1945 1892 nos
1980 1829 2285 1910 patimur,
2330 1830 2393 1891 et

1520 1956 1662 2020 spes
1740 1938 1956 1999 nostra
2031 1934 2216 1998 firma
2278 1952 2392 2015 pro

1520 2043 1700 2108 uobis
1743 2045 1838 2105 oet

1525 2151 1549 2187 '²
1562 2149 1825 2213 scientes
1871 2147 2021 2229 quia
2059 2146 2205 2211 socii
2245 2166 2390 2230 pas-

1518 2256 1768 2320 sionum
1824 2253 1997 2331 ostia
2052 2252 2139 2317 sic
2196 2252 2389 2318 etiam

1519 2359 1976 2426 consolationis.

1521 2468 1548 2507 ⁸
1566 2468 1709 2532 Non
1742 2466 1911 2530 enim
1938 2464 2230 2529 uolumus
2272 2483 2389 2527 uos

1518 2576 1822 2656 ignorare,
1864 2574 2117 2649 fratros,
2159 2571 2239 2635 de
2277 2570 2388 2633 tri-

1516 2679 1837 2746 bulatione
1914 2681 2130 2743 nostra
2221 2696 2388 2759 quae

1518 2788 1689 2852 facta
1736 2789 1832 2850 est
1893 2786 1958 2848 in
2003 2784 2173 2863 Asia,
2238 2785 2389 2867 quia

1516 2894 1686 2959 ultra
1714 2891 1980 2956 modum
2005 2909 2197 2973 supra
2225 2889 2389 2954 uiros

1518 2999 1765 3083 grauati
1787 3017 2024 3076 summ,
2057 2998 2147 3060 ita
2165 3000 2237 3061 ut
2255 2999 2387 3059 tae-

1518 3105 1698 3170 deret
1736 3123 1853 3168 nos
1907 3103 2098 3167 etiam
2139 3102 2385 3177 uiuere;

1520 3320 1547 3358 ⁹
1560 3317 1671 3384 sed
1739 3315 1854 3402 ipsi
1919 3315 1986 3378 in
2071 3312 2387 3379 nobismet

2410 871 2490 939 91

1515 3425 1662 3508 ipsis
1732 3441 2103 3507 responsum
2167 3421 2386 3486 mortis
2416 3483 2421 3488 ,

1514 3532 1873 3607 habuimus
1901 3531 1974 3593 ut
2002 3547 2133 3592 non
2155 3527 2386 3609 flden-

1515 3642 1609 3702 tes
1644 3637 1708 3701 in
1738 3636 1919 3702 nobis
1943 3634 2138 3699 simus
2177 3635 2289 3699 sed
2317 3633 2384 3697 in

1515 3744 1636 3808 deo
1663 3743 1773 3826 qui
1793 3743 2050 3806 suscitat
2081 3744 2383 3819 mortum,

1524 3955 1700 4038 ¹⁰qui
1738 3954 1817 4018 de
1859 3954 2051 4018 tantis
2093 3954 2236 3993 *ηε*

1512 4388 1619 4427 ***
1636 4385 2169 4469 ¹¹cooperantibus
2190 4386 2381 4449 etiam

1511 4494 1691 4557 uobis
1740 4494 1806 4557 in
1860 4491 2211 4557 orationem
2267 4510 2382 4574 pro

1512 4599 1724 4677 nobis,
1786 4602 1862 4662 ut
1914 4599 1979 4662 in
2035 4596 2381 4662 multorum

3519 1190 3812 1253 bulamur
3867 1208 3981 1272 pro
4023 1192 4236 1254 uestra
4277 1208 4386 1253 ex-

3517 1297 3824 1361 ortatione
3880 1299 3942 1359 et
3997 1293 4200 1359 salute
4251 1294 4385 1360 siue
4462 1342 4467 1345 -

3516 1403 3914 1468 consolamur
3985 1422 4100 1484 pro
4168 1404 4383 1468 uestra

3514 1509 3938 1577 consolatione
3997 1510 4162 1593 quae
4232 1527 4383 1590 ope-

3514 1622 3690 1683 ratur
3707 1619 3774 1682 in
3790 1617 4142 1681 tollerantia
4152 1634 4382 1680 earun-
4398 1616 4434 1669 5

3438 1752 3441 1757 ·
3513 1725 3658 1789 dem
3700 1726 4061 1807 passionum
4105 1742 4266 1805 quas
4319 1726 4384 1788 et

3512 1849 3628 1894 nos
3713 1832 4018 1913 patimur,
4098 1835 4162 1893 et
4238 1850 4380 1914 spes

3512 1941 3729 2002 nostra
3783 1937 3969 2001 firma
4029 1956 4145 2018 pro
4200 1937 4382 2001 uobis

3518 2153 3813 2216 '‘selentes
3858 2150 4162 2232 quoniam
4215 2148 4375 2213 sicut
4396 2155 4463 2212 10
4570 2197 4576 2202 .

3508 2258 3656 2323 socii
3697 2257 4060 2340 passionum
4089 2253 4251 2333 estiS‚
4291 2254 4379 2320 sic

3510 2365 3676 2431 eritis
3733 2369 3798 2428 et
3840 2361 4296 2427 consolationis.

3512 2471 3697 2536 ⁸Non
3734 2471 3903 2535 enim
3944 2468 4239 2534 uolumus
4262 2487 4378 2536 uos

3509 2579 3794 2660 ignorare
3812 2625 3828 2656 ,
3874 2578 4113 2654 fratros,
4158 2576 4238 2640 de
4267 2575 4377 2640 tri-

3506 2686 3828 2750 bulatione
3907 2687 4123 2749 nostra
4207 2701 4374 2765 quae
4396 2694 4460 2749 15

3506 2792 3676 2856 facta
3724 2796 3817 2855 est
3859 2792 3924 2854 in
3968 2790 4147 2861 Asia,
4215 2808 4375 2871 quo-

3506 2900 3679 2964 niam
3719 2918 3908 2981 supra
3940 2896 4204 2961 modum
4232 2913 4375 2977 gra-

3505 3005 3638 3069 uati
3698 3024 3917 3069 sumus
3982 3021 4176 3085 supra
4244 3001 4377 3066 uir-

3505 3113 3725 3188 tutem,
3803 3111 3892 3175 ita
3953 3113 4025 3175 ut
4093 3107 4373 3173 taederet

3504 3236 3620 3282 nos
3662 3217 3855 3282 etiam
3899 3217 4148 3291 uiuere;
4387 3215 4457 3272 20

3506 3323 3660 3389 ⁹sed
3717 3324 3833 3408 ipsi
3888 3325 3952 3387 in
3998 3322 4181 3408 nobis
4222 3321 4370 3404 ipsis

3500 3450 3874 3515 responsum
3901 3429 4121 3495 mortis
4144 3427 4372 3494 habui-

3502 3558 3663 3616 muS‚
3698 3541 3769 3601 ut
3793 3556 3924 3602 non
3946 3537 4142 3601 simus
4166 3535 4371 3601 fiden-

3501 3650 3594 3710 tes
3634 3646 3698 3709 in
3740 3644 3921 3709 nobis
3969 3644 4081 3708 sed
4145 3643 4209 3707 in
4249 3641 4371 3707 deo

3502 3754 3609 3836 qui
3708 3753 3969 3817 suscitat
4063 3754 4368 3829 mortuOS,
4382 3757 4455 3814 25

3508 3959 3561 3997 ¹⁰
3576 3960 3681 4041 qui
3725 3958 3804 4022 de
3849 3958 4040 4022 tantis
4082 3955 4367 4038 periculis

3499 4066 3722 4149 eripuit
3760 4084 3876 4128 nos
3923 4067 3988 4127 et
4043 4066 4245 4138 eruet,
4300 4063 4368 4124 in

3500 4190 3690 4254 quem
3713 4189 4037 4252 speramus
4061 4169 4365 4253 quoniam

3498 4282 3562 4342 et
3621 4277 3832 4341 adhuc
3891 4276 4110 4358 eripiet
4381 4293 4451 4351 30

3505 4384 3555 4422 ¹¹
3569 4383 4017 4449 adiuuantibus
4069 4384 4133 4445 et
4187 4378 4366 4443 uobis

3495 4493 3561 4556 in
3628 4491 3910 4556 oratione
3972 4507 4087 4571 pro
4163 4485 4363 4562 nobiS,

3496 4602 3568 4662 ut
3592 4617 3668 4662 ex
3697 4596 4038 4661 multarum
4062 4594 4361 4659 facierum

3137 4765 3240 4796 των
3291 4746 3567 4811 παθημαῐ.
3619 4763 3729 4795 εστι·
3777 4741 3945 4795 DEF
3960 4741 4024 4795 G.
4112 4740 4193 4794 18.
4237 4759 4363 4811 υπερ

648 4834 861 4892 domuc»
900 4837 1041 4902 εβαρ.
1079 4833 1132 4881 Σ
1144 4833 1190 4884 A
1208 4830 1372 4885 CMP
1407 4834 1548 4901 εβαρ.
1588 4848 1676 4881 vn.
1708 4832 1891 4886 δωαμ.
1928 4828 2289 4885 DEFGKL.
2357 4829 2444 4883 32.
2484 4851 2546 4897 τη
2584 4832 2721 4897 δεησ.
2759 4849 2845 4885 mr.
2884 4852 3040 4899 ημων.
3080 4830 3121 4886 C
3158 4859 3222 4870 —
3259 4830 3345 4885 33.
3382 4852 3435 4883 ev
3471 4831 3634 4882 πολλω
3675 4847 3923 4896 nonnemo»
3959 4827 4146 4882 FGM.

510 4918 580 4971 Β
650 4919 697 4972 9.
734 4918 1069 4984 estflieron.
1141 4919 1222 4972 10.
1257 4919 1481 4973 scientes
1515 4916 1648 4987 quia
1683 4917 1822 4970 socii
1841 4918 2165 4986 passionum
2202 4919 2331 4971 estis
2366 4922 2418 4970 et
2451 4916 2847 4972 consolationis
2883 4932 2927 4985 g
2961 4919 3187 4973 scientes
3216 4918 3351 4986 quia
3383 4917 3435 4972 si
3468 4916 3605 4971 socii
3630 4915 3950 4984 passionum
3987 4915 4117 4968 estis
4153 4919 4206 4968 et
4239 4929 4364 4968 con·

643 5004 932 5060 solatiom's
976 5006 1128 5060 eritis
1177 5004 1228 5058 d.
1320 5003 1398 5057 16.
1458 5004 1591 5074 quia
1627 4999 1663 5054 «l
1712 5000 1962 5066 Hieron„
2015 5001 2399 5068 Ambrosiam,
2451 5001 2638 5058 Sedul.
2713 5003 2792 5057 17.
2827 5019 3002 5073 supra
3035 5005 3185 5059 uires
3218 5000 3474 5067 TertulL,
3512 4999 3895 5065 Ambrosiast„
3934 4999 4119 5054 Sedul.
4186 4998 4270 5052 21.
4304 5001 4364 5055 in

641 5089 902 5144 nobismet
935 5092 1073 5161 ipsis
1109 5089 1330 5145 Hieron.
1398 5090 1482 5144 31.
1521 5091 1687 5144 etiam
1720 5086 1905 5140 Sedul.
1974 5087 2059 5142 33.
2105 5095 2168 5143 ut
2202 5088 2351 5159 quod
2385 5089 2680 5144 multorum
2705 5089 2961 5159 faciebus
3000 5090 3203 5146 donum
3250 5094 3313 5143 in
3359 5103 3460 5142 nos
3497 5088 3757 5142 collatum
3794 5094 3875 5142 est
3911 5085 4267 5140 Ambrosiast.
4303 5090 4366 5139 ut

643 5174 703 5227 in
735 5176 908 5229 multa
935 5178 1088 5245 facie
1124 5193 1263 5246 quae
1296 5178 1356 5231 in
1389 5176 1547 5230 nobis
1581 5180 1660 5228 est
1693 5175 1882 5243 qratia
1920 5188 1964 5241 g
2005 5181 2070 5229 ut
2104 5176 2165 5228 in
2201 5175 2509 5244 multifacit:
2544 5191 2686 5244 quae
2718 5176 2780 5231 in
2823 5175 2945 5230 nob.
2985 5191 3026 5229 e.
3060 5192 3144 5245 qr.
3182 5175 3218 5230 «l
3267 5174 3404 5246 (vgl.
3440 5171 3528 5243 fu)
3578 5180 3638 5228 ut
3679 5190 3748 5228 ex
3782 5174 4078 5227 multarum
4111 5173 4366 5242 personis

636 5259 911 5326 facierum
945 5264 1060 5316 cius
1096 5279 1234 5332 quoe
1270 5262 1441 5333 (quod
1475 5259 1681 5328 Sedul.)
1716 5261 1775 5313 in
1809 5258 1965 5314 nobis
2003 5266 2083 5315 est
2116 5260 2435 5317 donationis
2469 5260 2781 5316 Scholiasta
2815 5259 2995 5326 Hier„
3033 5259 3241 5324 SoduL‚
3279 5260 3449 5314 Beda.
3526 5264 3543 5282 “

510 5347 578 5401 1)
648 5345 698 5399 7.
733 5352 796 5399 ut
823 5361 949 5416 spes
985 5354 1176 5403 nost-ra
1199 5349 1347 5418 firm.
1396 5350 1471 5405 sit
1501 5365 1609 5419 pro
1643 5344 1767 5402 ποὺ.
1804 5358 1902 5412 vg.
1973 5345 2057 5400 11.
2093 5348 2180 5402 ita
2214 5352 2268 5402 ct
2298 5349 2693 5404 consolationis
2727 5349 2881 5403 eritis
2915 5346 2998 5402 fu.
3072 5347 3153 5400 18.
3178 5348 3436 5417 iynomre
3470 5362 3571 5400 uos
3594 5343 3677 5400 fu.
3756 5345 3835 5399 18.
3864 5362 4040 5415 supra
4064 5342 4362 5400 uirtutefu.
4409 5397 4417 5415 ¹.

645 5483 727 5537 24.
765 5482 984 5537 domino
1010 5480 1094 5536 ru.
1162 5483 1245 5537 25.
1279 5487 1576 5541 masma
1598 5484 1682 5540 ru.
1750 5484 1834 5538 28.
1871 5485 2016 5539 eruet
2048 5483 2114 5539 ru
2141 5499 2237 5552 vg.
2321 5485 2405 5539 33.
2441 5491 2505 5540 ut
2539 5501 2611 5541 ex
2643 5455 3159 5554 anismam...
3192 5455 3345 5555 ὰὶιαῖ
3368 5455 3428 5539 {vi
3461 5455 3632 5539 ..zzz-J
3652 5455 3732 5538 2⁸}
3747 5454 3977 5554 ’ῤ-’νᾶιὶὼ
4013 5501 4103 5537 am
4130 5485 4361 5538 antero„

644 5568 838 5623 Raude
872 5570 985 5623 mul
1015 5569 1025 5637 Ι
1056 5575 1236 5623 tarum
1269 5574 1520 5639 personis
1546 5573 1824 5641 foderum
1855 5571 1865 5639 Ι
1909 5572 2027 5625 eius
2060 5588 2200 5641 quae
2235 5574 2294 5626 in
2328 5572 2486 5627 nobis
2519 5579 2601 5627 est
2634 5571 2953 5628 donationis
2987 5570 3053 5626 fu
3088 5577 3153 5626 ut
3187 5587 3257 5626 ex
3290 5571 3583 5625 multorum
3617 5573 3869 5641 personis
3904 5585 4001 5638 vg.

2188 5658 2223 5711 2
2258 5658 2377 5713 Cor.
2417 5663 2462 5723 1,
2502 5657 2691 5713 6—11.
