5117 6800
744 1139 837 1210 A

342 1292 666 1361 μησουσιν
727 1297 819 1357 μη
861 1273 1223 1337 alamur-9⁸

347 1406 496 1449 ουτε
524 1404 768 1463 πορνοι.
799 1401 949 1443 ουτε
967 1377 1222 1442 admi-o·

347 1491 596 1571 λατραι·
638 1509 787 1551 avve
819 1506 1047 1567 μοιχοι-
1072 1506 1222 1548 ουτε

347 1595 642 1678 μαλακω.
733 1615 882 1655 ουτε
955 1606 1220 1672 αρσενο·

345 1723 568 1765 κοιται·
660 1701 714 1740 ¹⁰
730 1720 878 1762 υυτε
928 1696 1220 1760 κλεπται.

353 1831 504 1872 ουτε
588 1806 988 1869 πλεονεκται.
1070 1824 1220 1866 ovu-

346 1919 649 1997 μεθυσοι·
688 1934 764 1974 ου
784 1909 1077 1990 λοιδορου
1103 1930 1218 1988 ουχ

344 2036 643 2104 αρπαγεσ
715 2016 1055 2099 βασιλειαν
1122 2018 1220 2078 ov

344 2129 935 2211 κληρονομησουσιν
1033 2122 1086 2160 ¹¹
1113 2144 1221 2184 και

343 2256 556 2298 ταυτα
623 2246 805 2295 uvea
868 2252 982 2311 ητε
1052 2228 1220 2292 aua

344 2340 824 2404 απελουσασθε
853 2333 1020 2398 aua
1049 2356 1219 2418 ῃγια-

345 2452 561 2531 σθητε
592 2444 756 2508 alia
789 2442 1220 2524 εδικαιωθητε

344 2576 417 2617 εν
470 2575 558 2614 τω
624 2572 893 2631 oronam
955 2570 1072 2611 του
1141 2569 1220 2609 xv

346 2681 528 2743 ημων
584 2680 646 2721 w
704 2679 785 2736 χυ
836 2677 944 2718 και
1005 2676 1078 2715 εν
1126 2675 1220 2715 τω

347 2786 675 2845 πνευματι
729 2784 846 2825 του
896 2766 992 2824 &v
1038 2781 1222 2843 ημων

350 2871 404 2910 ¹⁹
433 2892 659 2933 παντα
756 2891 868 2949 μοι
969 2869 1224 2942 εξεστιν

343 2977 468 3040 αλλ
506 2997 584 3037 ου
626 2996 851 3037 nawa
902 2990 1225 3056 συμφερει

347 3103 573 3143 nawa
629 3103 741 3162 μοι
804 3083 1059 3155 εξεστιν
1102 3076 1224 3141 αλλ

347 3210 461 3251 ουκ
517 3209 638 3268 εγω
705 3188 1223 3266 εξουσιασθησο-

345 3315 465 3376 μαι
488 3316 619 3357 υπο
648 3309 831 3357 τινοσ
881 3292 934 3332 ¹⁸
949 3313 1033 3353 τα
1060 3293 1223 3372 βρω-

347 3424 530 3483 ματα
596 3424 675 3482 τη
739 3399 947 3463 κοιλια
1017 3420 1125 3461 και
1183 3420 1223 3478 η

347 3508 554 3571 zotha
605 3522 749 3571 τοισ
803 3509 1147 3588 βρωμασιν
1188 3526 1223 3565 o

348 3614 426 3677 δε
483 3619 586 3679 θσ
654 3634 764 3675 και
818 3634 1064 3695 ταυτην
1117 3636 1226 3675 και

346 3743 558 3782 ταυτα
598 3734 986 3801 καταργησει
1028 3741 1104 3782 το
1146 3719 1225 3781 δε

346 3841 541 3906 σωμα
623 3847 699 3887 ου
781 3845 861 3907 τη
951 3847 1224 3906 πορνεια

344 3931 513 3996 αλλα
574 3954 664 3992 τω
716 3953 807 3993 κω
860 3953 967 3993 και
1039 3954 1074 3995 ο
1138 3948 1223 3997 κσ

344 4059 435 4099 τω
492 4053 749 4118 σωματι
829 4039 930 4100 ¹⁴0
987 4038 1064 4101 δε
1122 4043 1224 4104 θο·

346 4163 453 4207 και
508 4167 624 4207 τον
682 4166 760 4206 κν
813 4165 1060 4228 ηγειρεν
1116 4167 1224 4208 και

347 4267 530 4333 ημαο·
575 4254 894 4333 εξηγειρεν
942 4251 1054 4313 δια
1095 4268 1222 4333 τησ

349 4356 700 4436 δυναμεωσ
757 4379 958 4419 αυτου
1041 4357 1223 4420 ¹⁵ovx

349 4463 571 4527 οιδατε
675 4485 770 4525 οτι

346 4592 528 4652 ματα
627 4591 806 4650 υμων

900 4486 984 4524 ’τα
1100 4480 1223 4527 σω·

896 4570 1059 4651 mlv
1142 4592 1222 4648 xv

225 4673 233 4678 ’
347 4693 528 4742 εστιν
571 4692 747 4757 aquo·
782 4698 898 4738 ουν
938 4697 1023 4737 τα
1063 4674 1228 4760 μελη

343 4806 462 4846 του
518 4805 601 4863 xv
656 4798 912 4866 ποιησω
971 4797 1225 4864 πορνησ

346 5032 415 5085 Α
484 5031 566 5084 34.
601 5032 727 5096 ...1η
761 5047 958 5100 «002210
993 5027 1240 5083 Dara.

1037 11 1556 32 -ὴ-ΓἾΡῂ-Ὓ-*Γ”“
1583 11 1684 16 ““““”

1358 43 1374 56 ι

1354 1296 1528 1351 rare3
1570 1292 1781 1357 neque
1821 1274 2231 1340 fornicatores

1353 1402 1563 1466 neque
1645 1380 1830 1446 idolis
1885 1382 2232 1446 seruientes

1352 1508 1564 1575 neque
1664 1486 1936 1553 adulteri
2017 1506 2231 1571 neque

1352 1594 1574 1661 molles
1639 1613 1848 1676 neque
1916 1593 2230 1658 masculo-

1351 1722 1496 1768 rum
1544 1700 1981 1765 concubitoree
2048 1699 2101 1737 ¹⁰
2115 1717 2228 1763 ne-

1352 1827 1478 1891 que
1520 1808 1692 1873 fures
1744 1825 1953 1888 neque
2001 1804 2228 1869 ebriosi

1352 1933 1563 1997 neque
1649 1911 1939 1977 maledici
2021 1929 2228 1992 neque

1351 2038 1614 2103 rapaces
1647 2037 1916 2100 regnum
1949 2016 2051 2081 dei
2085 2036 2230 2102 pos-

1350 2127 1666 2192 sidebunt.
1719 2123 1866 2187 ¹¹Et
1896 2124 2056 2188 haec
2088 2124 2229 2206 qui-

1351 2233 1507 2297 dam
1561 2231 1783 2306 fuistis3
1857 2230 1969 2294 sed
2026 2229 2229 2294 abluti

1352 2340 1515 2416 estiS‚
1541 2337 1651 2401 sed
1669 2336 2043 2402 sanctificati
2064 2336 2228 2411 estiS,

1350 2446 1465 2510 sed
1551 2443 1864 2509 iustificati
1936 2444 2082 2507 estis
2162 2443 2228 2506 in

1352 2552 1611 2616 nornine
1699 2550 1939 2614 domini
2031 2548 2229 2614 nostri

1352 2658 1492 2722 lesu
1526 2655 1754 2722 Christi
1797 2658 1862 2721 et
1902 2657 1970 2720 in
2009 2656 2228 2738 spiritu

1351 2764 1455 2828 dei
1497 2762 1711 2828 nostri.

1362 2868 1649 2934 ¹⁹Omnia
1672 2866 1827 2932 mihi
1863 2868 2032 2933 licita
2059 2870 2228 2944 sunt,

1352 2976 1465 3040 sed
1480 2994 1613 3040 non
1624 2974 1841 3040 omnia
1857 2974 2227 3057 expediunt3

1354 3082 1572 3146 omnia
1626 3080 1781 3145 mihi
1836 3080 2006 3145 licita
2059 3082 2228 3158 sunt,

1353 3188 1466 3253 sed
1508 3206 1625 3269 ego
1667 3186 1789 3251 sub
1842 3186 2076 3251 nullius
2130 3205 2230 3250 re-

1355 3294 1536 3377 digar
1576 3295 1905 3376 potestate.
2002 3292 2055 3332 ¹⁸
2073 3292 2232 3357 Esca

1356 3399 1561 3466 uentri
1605 3399 1641 3439 *
1660 3399 1696 3439 *
1711 3399 1746 3439 *

2086 3824 2234 3864 *ΞΒ*

1355 3932 1466 3997 sed
1509 3931 1771 3996 domino
1822 3935 1887 3995 et
1938 3930 2234 3995 dominus

1356 4039 1637 4121 corpori3
1726 4038 1781 4076 ¹⁴
1794 4038 1950 4102 deus
2013 4042 2231 4101 autem

1356 4147 1420 4209 et
1489 4144 1827 4209 dominum
1902 4143 2234 4208 suscitauit

1357 4254 1421 4314 et
1460 4269 1578 4314 nos
1614 4251 1942 4315 suscitauit
1975 4269 2091 4332 per
2119 4268 2233 4332 po-

1357 4357 1625 4421 tentiam
1647 4375 1854 4420 suam.
1908 4356 1962 4393 ¹³
1974 4355 2234 4419 Nescitis

1355 4461 1508 4546 quia
1625 4481 1894 4545 corpora
2020 4466 2234 4528 uestra

1356 4571 1649 4635 membra
1732 4571 1884 4632 sunt
1959 4566 2233 4632 Christi?

1357 4676 1612 4741 Tollens
1707 4694 1860 4756 ergo
1946 4675 2235 4738 membra

1358 4780 1587 4846 Christi
1656 4780 1884 4845 faciam
1943 4780 2236 4843 membra

2249 958 2335 1026 81

2755 1145 2829 1214 C

2354 1298 2497 1343 rare
2517 1300 2533 1354 ς
2578 1296 2786 1359 neque
2823 1277 3234 1342 fornicatores

2351 1404 2562 1466 neque
2636 1384 2816 1448 idolis
2888 1384 3241 1448 seruientes-

2350 1510 2561 1574 neque
2669 1489 2935 1556 adulteri
3022 1509 3231 1573 neque

2351 1598 2575 1662 molles
2628 1616 2839 1680 neque
2912 1597 3228 1661 masculo-

2350 1723 2496 1769 rum
2541 1702 2979 1768 concubitores
3019 1720 3228 1785 neque

2350 1811 2519 1875 fures
2542 1829 2751 1893 neque
2795 1809 2976 1873 auari
3018 1827 3227 1890 neque

2349 1916 2576 1981 ebriosi
2652 1934 2863 1997 neque
2938 1914 3226 1979 maledici

2349 2041 2559 2105 neque
2621 2040 2884 2105 rapaces
2957 2039 3226 2103 regnum

2350 2129 2453 2193 dei
2537 2127 2969 2209 possidebunt.
3075 2127 3111 2165 *
3148 2125 3226 2190 Et

2349 2236 2512 2300 haec
2554 2234 2812 2317 quidem
2839 2226 3063 2308 fu'istis;
3114 2232 3224 2295 sed

2351 2341 2551 2406 abluti
2582 2340 2747 2418 estis
2770 2340 2883 2404 sed
2911 2338 3227 2404 iustificati

2351 2449 2496 2512 estis
2552 2449 2618 2511 in
2675 2447 2933 2512 nomine
2987 2444 3225 2510 domini

2350 2556 2488 2619 Iesu
2520 2553 2752 2619 Christi
2794 2556 2859 2617 et
2899 2554 2965 2617 in
3006 2552 3227 2635 spiritu

2351 2662 2451 2727 dei
2494 2661 2711 2726 nostri.

2350 2873 2418 2913 *Β
2432 2871 2667 2937 Omnia
2684 2871 2841 2934 mihi
2866 2870 3034 2934 licita
3054 2872 3225 2947 sunt,

2351 2978 2464 3043 sed
2478 2996 2612 3041 non
2625 2976 2843 3041 omnia
2855 2975 3226 3059 expediunt3

2352 3084 2568 3149 omnia
2622 3081 2777 3147 mihi
2838 3082 3008 3148 licita
3060 3084 3230 3159 sunt,

2351 3189 2465 3254 sed
2504 3209 2625 3273 ego
2678 3188 2800 3253 sub
2855 3188 3087 3253 nullius
3129 3207 3229 3251 re-

2353 3297 2534 3378 digar
2615 3297 2949 3380 potestate.
3072 3294 3231 3359 Esca

2355 3405 2566 3470 uentri
2650 3406 2716 3468 et
2771 3406 2998 3468 uenter
3056 3401 3228 3466 escis,

2352 3512 2524 3576 Deus
2568 3512 2788 3576 autem
2831 3512 2896 3574 et
2944 3508 3117 3572 hunc
3165 3511 3232 3571 et

2355 3618 2475 3683 has
2516 3615 2874 3681 euacuabit.

2881 4352 2915 4391 '¹‘
2933 4352 2962 4390 ⁸
2975 4350 3236 4415 Nescitis

2356 4463 2665 4546 quoniam
2710 4478 2978 4541 corpora
3021 4460 3235 4522 uestra

2355 4568 2647 4632 membra
2730 4568 2880 4629 sunt
2962 4562 3191 4628 Christi
3204 4565 3235 4625 P

2355 4673 2611 4738 Tollens
2695 4690 2843 4752 ergo
2942 4669 3235 4734 membra

2357 4777 2585 4843 Christi
2648 4777 2877 4841 faciam
2942 4776 3233 4840 membra

3342 4370 3346 4375 ·
3364 4353 3566 4414 tutem
3626 4366 3827 4411 suam.

3363 1275 3569 1342 Nolite
3603 1295 3848 1354 errare3
3889 1296 4097 1360 neque
4113 1280 4242 1345 for-

3363 1382 3582 1447 nicarii
3633 1403 3841 1465 neque
3891 1385 4071 1449 idolis
4111 1404 4240 1450 ser-

3362 1489 3607 1553 uientes
3623 1509 3831 1572 neque
3845 1490 4113 1555 adulteri
4126 1510 4240 1557 ne-

3363 1614 3489 1676 que
3514 1594 3734 1660 molles
3757 1615 3967 1679 neque
3986 1616 4236 1663 mascu-

3360 1701 3571 1766 lorum
3590 1701 4028 1767 concubitores
4062 1702 4234 1768 ¹⁰ne·
4285 1714 4319 1767 5

3359 1826 3485 1889 que
3549 1807 3717 1871 fures
3782 1826 3992 1890 neque
4056 1809 4234 1873 auari

3359 1932 3569 1995 neque
3590 1913 3816 1978 ebriosi
3855 1932 4066 1995 neque
4095 1933 4234 1979 ma-

3356 2016 3539 2082 ledici
3566 2037 3777 2101 neque
3806 2037 4066 2101 rapaces
4093 2039 4233 2100 reg-

3355 2144 3517 2189 num
3530 2123 3631 2188 dei
3646 2124 4074 2207 possidebunt.
4101 2126 4122 2163 ¹
4132 2125 4231 2189 ¹Et

3358 2231 3516 2295 haec
3548 2229 3813 2313 quidam
3849 2230 4076 2305 fuistis;
4119 2230 4231 2294 sed
4251 2252 4317 2307 10

3356 2337 3558 2401 abluti
3617 2336 3761 2400 estis
3774 2384 3789 2414 ‚
3846 2335 3957 2399 sed
4000 2337 4232 2400 sancti-

3359 2443 3530 2508 ficati
3568 2442 3732 2519 estis,
3777 2442 3888 2506 sed
3920 2442 4232 2508 iustificati

3356 2549 3503 2613 estis
3557 2550 3624 2613 in
3683 2549 3940 2613 nomine
3993 2548 4233 2613 domini

3284 2723 3287 2728 ,
3357 2656 3553 2720 nostri
3595 2656 3730 2719 Iaeu
3774 2654 4002 2720 Christi
4059 2657 4123 2719 et
4167 2655 4232 2719 in

3356 2762 3577 2846 spiritu
3618 2762 3719 2824 dei
3760 2761 3976 2825 nostri.
4253 2777 4319 2831 15

3369 2868 3421 2905 ¹²
3436 2866 3670 2931 Omnia
3694 2866 3850 2930 mihi
3875 2866 4085 2944 licent,
4120 2867 4233 2930 sed

3359 2991 3493 3035 non
3556 2972 3775 3036 omnia
3854 2972 4230 3054 expediunt:

3359 3077 3575 3143 omnia
3634 3077 3790 3141 mihi
3847 3077 4060 3157 licent,
4122 3079 4236 3143 sed

3360 3204 3478 3267 ego
3534 3183 3656 3248 sub
3705 3181 3936 3247 nullius
3985 3183 4237 3265 redigar

3359 3291 3689 3372 potestate.
3753 3289 3807 3329 ¹⁸
3828 3287 3987 3354 Esca
4027 3290 4320 3363 uentrieo

3360 3399 3424 3461 et
3502 3397 3730 3461 uenter
3802 3395 3977 3460 escis.
4064 3394 4237 3461 Deus

3361 3506 3580 3569 autem
3622 3505 3687 3565 et
3731 3501 3906 3567 hunc
3963 3505 4028 3566 et
4076 3502 4236 3567 haec

3362 3609 3659 3674 destruet.
3732 3606 3977 3691 Corpus
4019 3612 4237 3674 autem

3361 3733 3495 3779 non
3524 3713 3941 3793 fornicationi,
3980 3714 4092 3778 sed
4123 3714 4238 3779 do-

3363 3821 3538 3886 mino
3598 3823 3663 3885 et
3734 3819 4029 3885 dominus
4103 3840 4238 3885 cor-
4255 3840 4323 3896 25

3363 4033 3534 4116 pori;
3631 4032 3685 4070 ¹⁴
3719 4031 3905 4095 deus-
3951 4049 4106 4095 uero
4176 4033 4241 4093 et

3364 4138 3696 4203 dominum
3778 4136 4101 4200 suscitauit
4177 4139 4240 4199 et

3364 4263 3483 4308 nos
3554 4242 3877 4307 suscitauit
3937 4261 4051 4323 per
4113 4241 4239 4304 uir-

3913 4346 4037 4410 ¹⁸⁵N
4037 4346 4240 4410 escitis
4255 4367 4325 4424 30

3366 4456 3673 4539 quoniam
3716 4471 3978 4534 corpora
4028 4455 4241 4516 uestra

3364 4561 3656 4627 membra
3738 4557 3967 4623 Christi
4046 4559 4242 4621 sunt?

3364 4665 3621 4731 Tollens
3706 4683 3857 4745 ergo
3952 4665 4244 4728 membra

3365 4772 3596 4838 Christi
3658 4770 3887 4836 faciam
3955 4772 4245 4835 membra

348 5117 418 5170 B
491 5115 537 5168 1.
567 5117 944 5184 fornicatores
977 5114 1141 5178 iren„
1178 5112 1413 5168 Tertull.
1483 5112 1567 5166 22.
1603 5113 1747 5167 hunc
1783 5118 1834 5167 et
1866 5113 1970 5167 hae
2007 5109 2299 5165 euacuabit
2335 5105 2699 5161 Ambrosiast.
2736 5107 2879 5161 hunc
2914 5113 2966 5160 et
3007 5107 3149 5161 hanc
3185 5104 3477 5160 euacuabit
3509 5102 3811 5158 Novatian.
3880 5101 3965 5156 27.
4001 5107 4183 5157 autem
4209 5102 4246 5157 ss

483 5200 732 5266 Tertull„
771 5201 930 5264 Iren„
965 5200 1191 5255 Hieron.
1261 5200 1345 5253 32.
1382 5200 1515 5268 quia
1549 5196 1697 5266 «113.

347 5287 406 5340 (3
490 5286 534 5338 1.
561 5287 935 5354 soma-atores
970 5303 1154 5356 expos.
1193 5284 1352 5355 epist.
1389 5284 1461 5338 ad
1498 5283 1620 5338 Gal.
1655 5283 1726 5337 48
1760 5280 1920 5352 epist.
1947 5281 2031 5346 29,
2051 5282 2083 5334 5
2117 5296 2278 5334 serm.
2309 5278 2424 5342 162,
2455 5280 2479 5331 l
2509 5279 2819 5346 fornicarii
2853 5281 3048 5333 contra
3086 5275 3246 5346 epist.
3271 5274 3620 5340 Parmenian.
3656 5275 3705 5338 3,
3744 5275 3793 5328 9.
3815 5303 3881 5312 -
3925 5273 3977 5327 8.
4012 5290 4248 5344 rapaces

485 5387 667 5440 expos.
716 5370 774 5424 in
817 5372 978 5441 epist.
1025 5372 1096 5426 ad
1147 5370 1270 5426 Gal.
1305 5370 1376 5424 48
1426 5386 1588 5425 serm.
1629 5369 1742 5432 162,
1781 5368 1807 5421 1
1864 5369 2059 5422 contra
2099 5365 2260 5435 epist.
2297 5363 2645 5420 Parmenian.
2686 5364 2737 5428 3,
2775 5364 2808 5417 9
2857 5369 3113 5432 raptores
3145 5361 3305 5431 epist.
3348 5361 3434 5425 29,
3471 5363 3520 5416 5.
3565 5388 3631 5400 --
3675 5360 3705 5391 *
3741 5357 3901 5428 epist.
3942 5358 4027 5423 29,
4076 5359 4108 5411 5
4144 5357 4248 5412 frei

487 5455 658 5510 citirt.
729 5487 795 5495 —
866 5458 933 5488 *⁸
968 5459 1038 5512 de
1073 5457 1292 5528 coniug.
1328 5455 1626 5511 adulter-in.
1667 5456 1714 5518 1,
1752 5455 1833 5508 15.
1871 5480 1935 5492 --
1970 5451 2040 5483 *⁸
2075 5468 2237 5507 serm.
2267 5451 2382 5515 162,
2411 5452 2458 5505 1.
2497 5478 2565 5490 -
2602 5450 2687 5504 31.
2731 5451 2863 5518 quia
2886 5447 3163 5503 Euchirid.
3198 5448 3261 5502 15
3296 5447 3365 5502 de
3400 5447 3543 5501 bono
3582 5443 3842 5499 viduitat.
3870 5445 3905 5497 4
3938 5444 4053 5498 und
4091 5444 4141 5497 8.
4177 5473 4243 5483 —

487 5542 571 5597 32.
604 5541 842 5597 membra
877 5549 1009 5598 sunt
1045 5543 1253 5598 Christi
1284 5542 1420 5598 ibid.

343 5629 415 5684 ΙΙ
490 5629 570 5688 19.
607 5628 840 5698 redeyar
864 5635 1194 5699 potestatem
1230 5628 1314 5682 fu.
1385 5628 1469 5682 20.
1507 5633 1560 5682 et
1593 5641 1716 5681 esca
1749 5622 1835 5678 fn.
1903 5621 1987 5676 24.
2014 5622 2418 5690 fornicationis
2451 5622 2535 5676 fu.
2610 5622 2693 5676 31.
2734 5622 2867 5690 quia
2904 5617 2988 5673 fu.
3060 5615 3147 5671 32.
3179 5612 3418 5671 mmbra
3454 5622 3584 5671 sunt
3621 5614 3829 5670 Christi
3864 5613 3946 5668 fu.

453 5851 653 5900 Ziegler

667 5878 680 5895 ,
721 5852 934 5900 Freisinger
969 5851 1285 5899 lul-influente.

2053 5725 2078 5777 1
2116 5724 2236 5780 Cor.

2268 5723 2318 5789 6,
2356 5725 2543 5779 9—15.

3838 5822 3895 5875 11
