5117 6800
927 970 1020 1040 A

538 1105 752 1188 δωρεα
811 1102 888 1169 X.
922 1103 1167 1166 ιἀυτοο·
1189 1100 1266 1164 δε
1290 1122 1411 1182 εγω

537 1210 800 1275 amvi-oo·
838 1205 1194 1290 παρακαλω
1230 1223 1410 1289 υμασ

538 1316 651 1380 δια
700 1332 824 1397 mlo
877 1329 1257 1397 πραυτητοσ
1304 1336 1411 1376 και

538 1437 893 1485 επιεικειασ
906 1441 1023 1482 του
1041 1442 1124 1501 xv
1144 1436 1225 1485 οσ
1239 1440 1410 1482 κατα

537 1544 896 1609 προσωπω*
929 1548 1056 1608 μεν
1089 1542 1408 1591 ταπεινοῦ

538 1656 610 1697 ει·
653 1655 804 1715 υμιν
841 1655 1034 1697 απων
1076 1631 1152 1696 δε
1178 1636 1408 1715 &apem

515 1740 602 1806 *da
648 1755 833 1821 υμασ
886 1739 1160 1821 ’δεομαι
1211 1739 1287 1802 δε
1331 1760 1408 1801 το

536 1868 626 1930 μη
667 1867 896 1927 παρων
953 1850 1287 1929 θαρρησαι
1327 1868 1407 1927 τη

536 1957 941 2035 πεποιθησει
997 1974 1040 2036 η
1086 1952 1408 2035 λογιζομαι

535 2058 855 2142 τολμησαι
886 2080 1000 2121 sm
1026 2074 1218 2125 τινασ
1243 2074 1408 2123 τουσ

537 2165 984 2246 λογιζομενουσ
1056 2179 1238 2248 ημασ
1309 2179 1406 2229 wo·

535 2292 705 2336 κατα
732 2286 943 2352 σαρκα
974 2292 1405 2352 περιπατουν·

534 2393 666 2444 ταῦ

537 2485 566 2524 ⁸
579 2505 651 2546 εν
710 2498 897 2566 σαρκι
950 2505 1069 2566 γαρ
1129 2506 1404 2565 περιπα-

529 2605 805 2656 τουντεσ
849 2612 924 2653 ου
974 2611 1143 2653 κατα
1193 2607 1405 2672 σαρκα

532 2701 1039 2779 στρατευομεθα

533 2805 563 2843 ⁴
576 2826 660 2865 τα
686 2825 807 2884 γαρ
833 2803 1008 2866 οπλα
1043 2819 1168 2885 τησ
1205 2817 1403 2883 στρα-

529 2926 718 2973 τειασ
767 2931 950 2991 ημων
1000 2931 1075 2972 ου
1131 2926 1402 2991 σαρκικα

530 3014 696 3079 aua
772 3014 1026 3078 δυνατα
1123 3037 1214 3077 τω
1293 3019 1402 3080 θω

530 3136 706 3203 προσ
740 3111 1132 3200 καθαίρεσιν
1171 3144 1402 3206 οχυρω-

529 3250 755 3308 ματων
834 3227 1227 3310 6λογισμωυσ
1293 3254 1402 3294 κα-

526 3337 926 3416 θαιρουντεσ
938 3358 1045 3398 και
1061 3358 1200 3399 παν
1223 3348 1402 3425 υψω-

529 3464 626 3523 μα
707 3463 1141 3524 επαιρομενον
1234 3467 1403 3506 κατα

526 3565 652 3631 τησ
731 3565 1042 3629 ymmo-savo·
1123 3572 1238 3613 του
1304 3554 1402 3613 &v

525 3677 632 3717 και
646 3655 1232 3736 αιχμαλωτιζωντεσ
1261 3678 1402 3719 παν

526 3781 736 3842 νοημα
772 3777 872 3826 sco
930 3783 1051 3844 την
1107 3784 1400 3846 υπακσην

524 3887 640 3929 του
693 3888 775 3946 xv
858 3869 1004 3931 ‘atat
1043 3891 1116 3931 εν
1162 3891 1396 3951 ετοιμω

524 3987 792 4052 &xm-veo·
820 3973 1152 4057 εκδικησαι
1167 3991 1398 4040 πασαν

524 4097 860 4160 παρακοην
916 4103 1075 4144 οταν
1146 4082 1396 4168 πληρω-

522 4184 620 4264 θη
662 4204 840 4265 υμων
892 4208 932 4267 η
973 4208 1230 4271 υπακοη

528 4395 555 4434 '¹
581 4416 667 4456 τα
760 4415 928 4456 κατα
1033 4413 1391 4477 προσωποτ·

520 4500 802 4582 pisum
886 4523 940 4563 ει
1024 4519 1133 4565 ‘uo'
1216 4502 1389 4568 δοκει

2402 780 2537 855 103

1538 1100 1617 1166 X.
1647 1101 1670 1141 ¹
1686 1100 1824 1185 Ipse
1865 1121 1983 1184 ego
2003 1100 2250 1168 Paulus
2291 1100 2407 1166 ob-

1539 1226 1715 1273 secro
1757 1212 1873 1273 uos
1901 1227 2015 1291 per
2036 1210 2407 1273 mansuetu-

1539 1314 1751 1379 dinem
1859 1320 1920 1380 et
2030 1313 2407 1379 modestiam

1539 1419 1786 1499 Christi,
1855 1420 1964 1503 qui
2033 1420 2118 1485 ad
2178 1420 2406 1486 faciem

1538 1526 1789 1609 quidem
1813 1526 2066 1592 humilis
2098 1528 2162 1590 in
2200 1526 2405 1606 uobiS,

1538 1633 1766 1699 absens
1791 1636 2011 1697 autem
2048 1633 2291 1698 confido
2337 1633 2402 1697 in

1538 1739 1736 1805 uobiS.
1809 1739 1836 1778 ²
1849 1738 2119 1804 Praeeor
2167 1742 2405 1818 autem,

1537 1864 1619 1910 ne
1647 1866 1948 1931 praesens
1991 1845 2408 1912 confidentius

1536 1971 1721 2034 agam
1762 1972 1876 2036 per
1925 1972 2068 2018 eam
2091 1951 2407 2034 fiduciam

1536 2077 1735 2141 quam
1777 2079 1880 2124 me
1921 2058 2157 2125 habere
2192 2059 2404 2127 existi-

1535 2185 1681 2231 mor
1752 2167 1823 2231 in
1906 2167 2217 2248 quosdam
2296 2166 2407 2249 qui

1536 2273 1926 2338 arbitrantur
2013 2292 2131 2338 nos
2217 2274 2406 2356 quasi

1535 2378 1887 2444 secundum
1947 2398 2205 2445 carnem
2266 2399 2405 2445 am·

1536 2484 1776 2550 bulare.
1849 2484 1960 2549 ”In
2002 2506 2195 2551 carne
2234 2486 2404 2551 enim

1535 2590 1934 2657 ambulantes
1989 2612 2118 2658 non
2177 2611 2404 2658 seeun-

1535 2698 1687 2763 dum
1726 2718 1983 2764 carnem
2024 2699 2397 2777 militamus3

1536 2805 1566 2844 ⁴
1581 2824 1771 2870 arma
1865 2807 2034 2870 enim
2129 2807 2399 2873 militiae

1531 2914 1785 2978 nostrae
1828 2932 1960 2977 non
1982 2914 2260 2979 carnalia
2287 2915 2400 2980 sed

1530 3020 1808 3102 potentia
1846 3019 1968 3083 deo
2007 3019 2092 3084 ad
2118 3020 2399 3087 destruc-

1533 3126 1768 3191 tionem
1848 3126 2267 3191 munitionum
2284 3176 2301 3207 ,

1535 3231 1829 3297 “consilia
1881 3232 2275 3298 destruentes
2335 3237 2399 3299 et

1532 3338 1725 3378 *ss*

1616 4080 1652 4120 *
1693 4081 1729 4120 *
1770 4081 1806 4121 *
1845 4079 2391 4161 inoboedientiam,

1524 4207 1672 4253 cum
1698 4186 1991 4270 conpleta
2008 4186 2198 4254 fuerit
2218 4187 2390 4270 prior

1524 4294 1916 4363 oboedientia
1967 4299 2205 4362 uestra.

1527 4403 1551 4441 '¹
1566 4401 1746 4480 Quae
1781 4398 2132 4466 secundum
2170 4416 2389 4481 perso-

1521 4526 1673 4573 nam
1701 4510 1850 4573 sunt
1874 4507 2101 4572 uidete.
2154 4505 2221 4571 Si
2246 4506 2385 4590 quis

2803 2476 2839 2515 *
2880 2475 2952 2541 111
2993 2494 3185 2541 carne
3228 2476 3398 2542 enim

2522 2581 2921 2647 ambulantes
2980 2601 3112 2648 non
3171 2602 3396 2648 secun-

2520 2688 2678 2753 dum
2721 2708 2978 2753 earnem
3018 2689 3393 2766 militamus;

2518 2814 2699 2859 arma
2740 2795 2909 2859 enim
2962 2796 3219 2861 militiae
3275 2815 3393 2862 no-

2516 2903 2684 2965 strae
2739 2919 2872 2965 non
2934 2903 3212 2968 carnalia
3277 2903 3390 2968 sed

2518 3007 2803 3094 potentia
2842 3006 2998 3087 dec.

2796 3994 2832 4033 *
2851 3994 2878 4034 ²
2919 3994 3131 4062 Parati
3174 3997 3383 4062 ulcisci

2510 4118 2769 4165 omnem
2820 4101 3375 4181 inoboedientiam,

2510 4224 2660 4271 cum
2773 4209 3088 4291 completa
3195 4209 3379 4275 fuerit

2509 4315 2678 4394 prior
2714 4313 3112 4380 oboedientia
3150 4320 3378 4382 uestra.

3917 966 4014 1040 Β

3523 1098 3600 1163 Χ.
3635 1099 3656 1137 ¹
3672 1099 3807 1182 Ipse
3838 1104 4054 1165 autem
4080 1120 4197 1182 ego
4227 1101 4399 1173 Pau-

3523 1204 3620 1269 lus
3651 1206 3912 1271 obsecro
3935 1225 4050 1271 uos
4074 1226 4189 1291 per
4213 1226 4397 1273 man-

3521 1311 3923 1377 suetudinem
3937 1316 4000 1378 et
4021 1312 4397 1380 modestiam
4465 1387 4472 1392 ἡ

3522 1417 3773 1497 Christi,
3858 1420 3967 1502 qui
4021 1419 4087 1483 in
4168 1419 4394 1485 faeiem

3521 1525 3778 1609 quidem
3796 1525 4048 1591 humilis
4069 1526 4231 1592 inter
4258 1545 4392 1605 uos,
4445 1530 4477 1585 5

3522 1632 3752 1696 absens
3785 1636 4003 1698 autem
4031 1632 4281 1698 confido
4325 1632 4390 1698 in

3518 1739 3717 1803 uobis.
3768 1739 3793 1777 ²
3810 1739 3992 1822 Rogo
4034 1744 4268 1819 autem,
4308 1759 4391 1805 ne

3518 1864 3816 1928 praesens
3908 1849 4182 1913 audeam
4274 1866 4389 1929 per

3520 1971 3664 2016 eam
3743 1953 4189 2019 confidentiam
4262 1971 4392 2035 qua

3519 2058 3838 2122 existimor
3854 2060 4088 2124 audere
4109 2060 4175 2123 in
4201 2079 4389 2143 quos-
4411 2067 4474 2121 10

3519 2164 3670 2228 dam
3712 2164 3821 2246 qui
3843 2165 4229 2230 arbitrantur
4271 2185 4388 2230 nos

3518 2274 3853 2353 tamquam
3873 2272 4222 2336 secundum
4252 2290 4388 2337 car-

3519 2398 3668 2443 nem
3712 2378 4126 2443 ambulemus.

3522 2486 3549 2526 ⁸
3563 2486 3635 2550 In
3688 2503 3879 2550 carne
3936 2486 4105 2549 enim
4157 2484 4386 2550 ambu-

3515 2591 3721 2656 lantes
3818 2610 3948 2656 non
4034 2592 4384 2656 secundum
4405 2594 4467 2651 15

3516 2717 3774 2763 carnem
3837 2699 4211 2774 militamus;

3517 2804 3715 2870 ⁴nam
3758 2823 3939 2868 arma
3969 2805 4224 2869 militiae
4262 2825 4380 2869 no·

3511 2913 3679 2975 strae
3739 2929 3870 2975 non
3936 2911 4215 2975 carnalia
4272 2910 4383 2974 sed

3510 3017 3794 3099 potentia
3885 3016 4007 3081 deo
4106 3017 4198 3092 ad
4274 3016 4382 3080 de-

3509 3124 3920 3187 structionem
3937 3123 4379 3202 munitionum,
4397 3137 4464 3192 20

3512 3228 3808 3293 ⁶consilia
3866 3229 4259 3294 destruentes
4314 3232 4378 3293 et

3509 3354 3766 3401 omnem
3824 3336 4222 3402 altitudinem
4274 3354 4380 3399 ex-

3507 3442 3831 3507 tollentem
3911 3462 3980 3507 se
4074 3442 4378 3508 aduersus

3505 3551 3832 3614 seientiam
3854 3549 3956 3615 dei
3982 3553 4046 3615 et
4088 3550 4154 3614 in
4179 3549 4376 3633 eapti-

3505 3656 3772 3721 uitatem
3828 3656 4187 3738 redigentes
4238 3676 4376 3720 om-
4394 3663 4459 3719 25

3505 3781 3653 3826 nem
3709 3763 4097 3828 intellectum
4153 3763 4219 3827 in
4264 3763 4378 3828 ob-

3503 3869 3793 3952 sequium
3848 3869 4075 3935 Christi
4153 3872 4257 3935 ⁶et
4307 3870 4375 3934 in

3503 3980 3802 4059 promptu
3832 3971 4143 4042 habentes
4167 3976 4372 4041 ulcisci

3502 4102 3760 4146 omnem
3824 4082 4373 4163 inoboedientiam,

3503 4208 3652 4253 cum
3676 4189 3913 4271 inpleta
3955 4191 4136 4255 fuerit
4163 4193 4374 4255 uestra
4389 4205 4458 4262 30

3502 4295 3918 4360 oboedientia.

3507 4402 3531 4440 '¹
3545 4400 3726 4478 Quae
3766 4403 4120 4468 seeundum
4145 4405 4371 4469 faciem

3499 4512 3648 4571 sunt
3743 4509 3973 4573 uidete.
4071 4510 4135 4574 Si
4233 4512 4372 4593 quis

518 4765 586 4822 A
656 4765 703 4819 7.
739 4785 815 4818 coo
849 4785 979 4825 ι’μασ
1010 4766 1065 4816 Σ
1095 4766 1209 4820 und
1238 4765 1331 4822 die
1365 4766 1544 4838 fibtig.
1578 4769 1880 4827 Handschr.
1953 4770 2037 4829 29.
2073 4772 2328 4842 πληρωὺη
2362 4787 2607 4846 προτερον
2640 4769 2681 4826 C
2706 4770 2821 4825 und
2857 4770 2976 4825 eod.
3006 4769 3300 4826 Bodleian:
3329 4768 3423 4826 131
3464 4770 3526 4840 (8.
3565 4768 3697 4823 XIII
3732 4787 3815 4823 nr.
3849 4769 3917 4822 39
3952 4768 4040 4824 bei
4065 4769 4372 4839 Tischend.)

653 4851 738 4906 30.
775 4873 808 4919 η
845 4869 1040 4919 manen
1076 4872 1213 4912 υμων
1248 4851 1322 4905 Dc
1336 4852 1429 4906 EF
1445 4853 1508 4909 G.

516 4938 616 5014 ΙΙΔ
655 4939 704 4993 4.
741 4936 818 4993 ad
843 4938 1052 5007 facim
1088 4938 1122 4992 d
1162 4938 1517 4996 Ambrosiast.
1565 4939 1641 4998 ad
1689 4949 1711 4997 t
1747 4942 2038 4999 seeundum
2078 4945 2286 5014 faciem
2320 4960 2380 5014 g.
2454 4946 2504 4999 5.
2556 4946 2617 5000 in
2662 4944 2819 5000 uobis
2863 4941 3219 4998 Ambrosiast.
3295 4940 3344 4995 9.
3389 4957 3495 5011 per
3544 4956 3660 4996 eam
3696 4940 3965 5010 fiduciam
4015 4941 4371 4996 Ambrosiast.

649 5039 753 5093 per
779 5023 1048 5092 fiduciam
1077 5039 1123 5094 g
1138 5025 1410 5094 fiduciam
1444 5026 1495 5081 d.
1575 5027 1654 5083 11.
1689 5029 1751 5083 in
1786 5028 2051 5099 quosdam
2085 5032 2180 5102 qm·
2210 5032 2556 5087 arbitrantur
2589 5046 2691 5087 noa
2723 5029 3014 5087 sectandum
3050 5044 3266 5084 carnem
3301 5029 3582 5083 ambulare
3613 5026 3968 5081 Ambrosiast.
4010 5028 4068 5080 in
4107 5025 4372 5097 quosdam

652 5109 982 5166 avb-irratam
1015 5116 1039 5164 t
1072 5113 1444 5168 existimatus
1473 5113 1540 5168 de
1574 5114 1731 5169 nobie
1767 5121 2043 5186 tamquam
2076 5116 2369 5175 seeundum
2411 5133 2627 5174 carnem
2661 5117 2997 5172 ambulantes
3032 5130 3076 5184 g·
3092 5136 3111 5183 ‚·
3160 5113 3197 5168 d
3233 5113 3448 5168 stimmt
3477 5113 3587 5168 mit
3626 5114 3724 5167 der
3759 5112 4023 5184 Vulgata.
4099 5113 4177 5167 17.
4214 5129 4371 5168 ama

651 5196 791 5249 enim
825 5194 917 5263 ἃς
950 5195 1191 5263 Hieron„
1231 5199 1585 5255 Ambrosiast.
1619 5208 1811 5255 nostm
1847 5203 1986 5256 enim
2020 5219 2179 5259 arma
2210 5203 2388 5258 Hilar.
2461 5202 2546 5258 28.
2587 5211 2640 5259 et
2671 5204 2865 5273 parati
2898 5200 3263 5257 Ambrosiast.

515 5281 575 5338 c
651 5279 680 5310 ⁸
715 5278 773 5332 in
810 5281 1003 5349 psalm.
1042 5282 1157 5366 112,
1191 5287 1238 5339 5.
1276 5316 1342 5325 -
1378 5285 1440 5316 *’
1473 5286 1631 5356 epist.
1672 5285 1787 5350 185,
1823 5286 1909 5342 24.

514 5366 585 5420 ΙΙ
658 5365 708 5419 4.
768 5367 829 5420 in
871 5367 1080 5434 faeiem
1119 5369 1186 5425 fu
1241 5373 1302 5427 in
1337 5372 1493 5441 facie
1526 5386 1627 5441 vg.
1728 5373 1777 5426 5.
1813 5374 2038 5429 humitis
2081 5390 2201 5430 sum
2233 5390 2333 5444 vg.
2436 5377 2483 5430 7.
2519 5392 2655 5449 royo
2691 5383 2872 5432 autem
2906 5391 3008 5432 uos
3039 5390 3140 5445 vg.
3223 5375 3302 5430 10.
3341 5375 3596 5431 existimo
3634 5374 3716 5431 fu.
3789 5373 3870 5428 18.
3921 5389 4069 5429 eam.
4114 5378 4243 5427 sunt
4275 5384 4371 5438 vg.

655 5452 734 5505 19.
765 5450 1177 5510 distructionem
1212 5456 1294 5512 fn.
1396 5458 1483 5513 81.
1522 5458 1917 5514 oboedientiam
1953 5457 2034 5513 fu.

2187 5563 2221 5617 2
2256 5565 2375 5620 Cot,
2412 5565 2494 5630 10,
2533 5565 2683 5619 1-7,
