5117 6800
1358 1039 1451 1110 A

975 1176 1029 1215 15
1060 1180 1499 1258 ευρισκομεθα
1586 1173 1661 1240 ,δε
1734 1198 1843 1239 και

964 1282 1513 1373 ψευδομαρτυρεσ
1566 1304 1684 1344 του
1746 1286 1843 1345 &v

966 1411 1065 1453 οτι
1105 1405 1647 1472 εμαρτυρησαμεν
1673 1410 1843 1451 κατα

969 1517 1085 1558 του
1128 1500 1224 1558 &v
1281 1516 1380 1557 οτι
1430 1516 1677 1576 ηγειρεν
1728 1516 1844 1558 τον

917 1614 950 1668 5
968 1624 1048 1681 xv
1090 1623 1164 1664 ον
1202 1623 1314 1663 ουκ
1369 1623 1616 1683 ηγειρεν
1660 1623 1844 1681 ειπερ

968 1730 1099 1788 αρα
1124 1728 1335 1786 νεκροι
1362 1728 1476 1768 ουκ
1496 1728 1845 1788 εγειρονται

978 1814 1098 1875 “a
1138 1834 1258 1892 γαρ
1300 1834 1505 1894 νεκροι
1533 1834 1646 1874 ουκ
1688 1835 1843 1893 syso-

969 1941 1193 2002 ρονται
1218 1917 1371 1980 ovd&
1394 1933 1480 1997 χσ
1517 1940 1845 2000 εγηγερται

978 2027 1031 2065 ¹⁷
1047 2048 1103 2088 ει
1145 2024 1220 2086 δε
1261 2039 1349 2103 χσ
1376 2046 1488 2087 ουκ
1517 2046 1844 2108 εγηγερται

887 2158 952 2214 10
968 2154 1218 2214 ματαια
1279 2154 1316 2212 η
1375 2146 1607 2195 πιστισ
1660 2153 1843 2212 υμων

969 2254 1150 2304 εστιν
1206 2259 1301 2299 su
1359 2250 1511 2300 εστε
1563 2257 1636 2299 εν
1688 2254 1843 2303 vaco·

970 2358 1326 2428 αμαρτιαισ
1392 2363 1575 2422 υμων

979 2453 1162 2533 mapa
1182 2472 1287 2512 και
1317 2472 1376 2511 οι
1402 2452 1839 2529 κοιμηθεντεσ

968 2580 1039 2621 εν
1078 2578 1169 2635 χω
1211 2554 1554 2618 απωλοντο

979 2667 1088 2726 19ει
1106 2685 1176 2725 εν
1193 2683 1272 2743 τη
1290 2663 1411 2742 ζωη
1431 2681 1636 2744 ταυτῃ
1661 2681 1731 2721 εν
1749 2681 1842 2739 χω

886 2787 950 2841 15
968 2770 1346 2854 ηλπικοτεσ,
1381 2783 1583 2847 εσμεν
1640 2787 1843 2846 μονον

969 2877 1381 2955 ελεεινοτεροι
1418 2894 1690 2935 παντων
1732 2894 1840 2933 αι·-

966 2987 1261 3064 θρωπων
1311 2995 1515 3061 εσμεν

971 3090 1205 3151 11θνυνει
1229 3085 1305 3147 δε
1317 3101 1405 3165 χσ
1421 3106 1749 3168 εγηγερται
1771 3106 1841 3146 εκ

963 3217 1204 3277 νεκρων
1245 3214 1513 3276 απαρχη
1567 3213 1699 3253 των
1742 3213 1840 3252 κε-

879 3322 946 3376 20
960 3313 1363 3382 κοιμημενων

967 3407 1264 3489 1’1«επειόή
1315 3427 1436 3487 γαρ
1472 3404 1539 3467 δι
1579 3406 1840 3484 ‹zi-Speo-

966 3535 1097 3576 που
1141 3516 1448 3575 θανατοσ
1488 3531 1595 3570 και
1627 3506 1691 3570 δι
1731 3529 1840 3570 αν-

963 3625 1244 3700 θρωπου
1301 3628 1679 3680 αναστασισ
1738 3635 1840 3675 νε-

963 3746 1134 3805 κρων
1180 3724 1237 3762 ²²
1251 3740 1477 3803 ωσπερ
1503 3743 1622 3802 γαρ
1652 3741 1725 3781 εν
1748 3741 1840 3780 τω

878 3847 945 3901 25
966 3831 1153 3910 adan
1187 3843 1446 3892 παντεσ
1489 3830 1839 3907 αποθψησ-

959 3950 1184 4000 novom·
1199 3949 1412 3997 ουτωσ
1425 3955 1533 3995 και
1551 3955 1623 3994 εν
1643 3954 1734 3992 τω
1748 3953 1841 4011 χω

962 4061 1219 4105 παντεσ
1239 4042 1839 4123 ζωοποιηθησονται

964 4149 1023 4189 ²⁸
1042 4163 1328 4211 εκαστοσ
1417 4146 1493 4207 δε
1592 4167 1663 4206 εν
1746 4166 1836 4204 τω

958 4255 1100 4319 ιδιω
1196 4274 1476 4334 caynam
1568 4272 1835 4331 απαρχη

1982 1176 2036 1214 15
2051 1174 2414 1239 inuenimur
2504 1176 2725 1238 autem
2790 1179 2855 1239 et

1974 1280 2114 1344 falsi
2156 1283 2345 1345 taetes
2386 1280 2506 1357 dei,
2568 1281 2720 1363 quia
2759 1283 2853 1345 te-

1974 1386 2343 1450 stimonium
2409 1386 2680 1451 diximus
2735 1387 2852 1453 ad-

1985 1510 2204 1556 uersus
2248 1492 2441 1556 deum
2484 1493 2636 1575 quia
2659 1493 2854 1558 susci-

1976 1600 2137 1662 tauit
2219 1597 2567 1675 Christum,
2657 1617 2852 1680 quem

1976 1722 2109 1768 non
2159 1704 2500 1768 suscitauit.

1985 1810 2037 1848 ¹⁶
2050 1807 2117 1873 Si
2148 1829 2299 1891 ergo
2326 1812 2558 1875 mortui
2591 1831 2722 1875 non
2753 1831 2852 1875 re·

1972 1919 2261 1995 surgunt,
2318 1936 2525 1998 neque
2567 1915 2853 1981 Christus

1972 2022 2324 2085 resurrexit.
2417 2023 2469 2060 ¹⁷
2488 2023 2554 2087 Si
2634 2028 2853 2088 autem

1981 2126 2268 2191 Christus
2324 2147 2454 2192 non
2497 2129 2853 2206 resurrexit,

1974 2251 2152 2297 uana
2172 2236 2266 2297 est
2285 2233 2443 2298 fides
2466 2239 2705 2309 uestra;
2738 2235 2854 2299 ad-

1982 2339 2287 2404 huoestis
2326 2340 2392 2403 in
2429 2342 2701 2422 peccatis
2743 2360 2854 2405 ue-

1974 2445 2146 2519 stris;
2201 2444 2411 2526 ¹⁸ergo
2452 2449 2516 2508 et
2558 2448 2669 2530 qui
2707 2447 2853 2512 dor-

1975 2552 2253 2615 mierunt
2279 2552 2345 2613 in
2362 2549 2631 2629 Christo,
2659 2555 2855 2634 perie-

1976 2662 2143 2722 runt.
2198 2656 2328 2721 ¹⁹Si
2360 2658 2425 2721 in
2464 2657 2589 2722 hac
2622 2660 2754 2723 uita
2786 2660 2854 2723 in

1979 2761 2226 2828 Christo
2266 2769 2594 2845 sperantes
2635 2784 2854 2828 sumus

1977 2871 2227 2933 tantum
2248 2919 2263 2945 ,
2374 2870 2852 2935 miserabiliores

1972 2995 2193 3042 sumus
2236 2977 2532 3041 omnibus
2578 2977 2853 3042 homini-

1971 3081 2108 3147 bus.
2153 3083 2210 3121 ⁸⁰
2222 3082 2409 3148 Nunc
2438 3088 2657 3150 autem
2673 3082 2850 3149 Chri-

1970 3193 2105 3254 stus
2146 3191 2486 3254 resurrexit
2515 3210 2556 3254 a
2582 3189 2850 3254 mortuis

1972 3296 2282 3379 primitiae
2378 3296 2847 3362 dormientium.

1976 3402 2034 3441 ²¹
2050 3401 2370 3480 Quoniam
2428 3404 2688 3486 quidem
2737 3423 2851 3486 per

1973 3509 2294 3573 hominem
2356 3529 2556 3586 morS,
2618 3512 2681 3573 et
2738 3529 2850 3592 per

1975 3613 2302 3679 hominem
2475 3615 2848 3680 resurrectio

1972 3721 2386 3785 mortuorum.
2421 3721 2656 3785 ⁹¹²Sicut
2677 3721 2847 3783 enim

1973 3828 2037 3889 in
2058 3826 2268 3890 Adam
2300 3846 2522 3891 omnes
2563 3827 2847 3891 moriun-

1971 3936 2106 4009 tur,
2187 3933 2275 3996 sio
2351 3936 2415 3997 et
2473 3933 2539 3996 in
2597 3932 2846 3998 Christo

1971 4057 2194 4103 omnes
2318 4038 2844 4117 uiuificabuntur,

2876 854 2972 922 84

3379 1039 3453 1110 (3

2976 1174 3338 1239 inuenimur
3454 1178 3672 1239 autem
3788 1178 3854 1240 et

2975 1282 3116 1347 falsi
3185 1283 3375 1346 testes
3466 1280 3568 1345 dei
3586 1329 3603 1358 ,
3705 1282 3857 1363 quia

2973 1379 3404 1453 testimonium
3430 1386 3703 1452 diximus
3740 1388 3856 1452 ad-

2974 1513 3196 1559 uersus
3223 1495 3418 1558 deum
3447 1493 3622 1576 quod
3659 1495 3856 1558 susci·

2974 1600 3135 1665 tauit
3222 1599 3546 1665 Christum
3561 1648 3577 1678 ,
3659 1620 3853 1683 quem

2974 1725 3107 1770 non
3144 1706 3493 1771 suscitauit.

3057 3084 3092 3122 '¹‘
3148 3083 3333 3149 Nune
3396 3087 3614 3150 autem
3673 3085 3852 3151 Chri-

2972 3194 3108 3255 stus
3167 3191 3436 3255 surrexit
3492 3211 3533 3257 a
3587 3192 3853 3255 mortuis

2972 3296 3284 3379 primitiae
3379 3297 3847 3362 dormientium.

2974 3403 3294 3482 Quoniam
3389 3404 3650 3487 quidem
3733 3424 3850 3487 per

2972 3510 3300 3575 hominem
3363 3529 3534 3575 mors
3547 3558 3564 3589 ,
3631 3513 3695 3574 et
3736 3529 3850 3592 per

2973 3617 3299 3682 hominem
3475 3617 3849 3681 resurrectio

2971 3726 3385 3788 mortuorum.
3459 3721 3636 3786 Sicut
3678 3722 3850 3786 enim

2969 3829 3036 3892 in
3057 3828 3273 3893 Adam
3310 3846 3531 3892 omnes
3563 3829 3848 3892 moriun-

2968 3938 3100 4013 tur,
3177 3935 3265 3998 sio
3334 3938 3398 3998 et
3463 3934 3530 3997 in
3597 3933 3846 4000 Christo

2968 4059 3191 4105 omnes
3323 4040 3844 4117 uiuifieabuntur,

1970 4144 2026 4183 ²⁸
2040 4147 2474 4228 unusquisque
2515 4148 2733 4210 autern
2775 4147 2841 4209 in
2964 4146 3402 4228 unusquisque
3469 4149 3688 4212 autem
3777 4146 3842 4210 in

1964 4270 2081 4314 suo
2193 4251 2439 4325 ordine;

2591 4252 2837 4316 initium
2962 4272 3078 4316 suo

3201 4252 3423 4315 ordine
3444 4274 3460 4327 3
3593 4253 3841 4317 initium

4332 6 4361 9 -n
4398 6 4407 9 -
4442 6 4465 9 --
4512 4 4632 18 -ττ-
4745 4 4786 14 r*

4459 37 4468 48 ι
4523 21 4532 30 ι
4619 31 4628 40 “
4671 4 4690 62 ᾗ

4557 55 4568 64 ιι

3997 1173 4050 1213 15
4063 1173 4421 1239 inuenimur
4493 1180 4685 1241 autem
4747 1184 4793 1243 et

3986 1280 4123 1345 falsi
4165 1283 4356 1344 tostos
4393 1281 4508 1360 dei,
4546 1284 4792 1364 quoniam

3984 1387 4413 1451 testimonium
4444 1387 4687 1452 diximus
4707 1390 4794 1453 ad-

3985 1511 4206 1557 uersus
4231 1493 4426 1557 deum
4455 1493 4614 1575 quod
4647 1497 4793 1559 susci—

3983 1599 4218 1664 tauerit
4259 1597 4596 1677 Christum,
4645 1620 4789 1682 quem

3984 1724 4117 1770 non
4158 1704 4501 1769 suscitauit.

3994 1809 4127 1876 ¹⁶81
4189 1812 4425 1876 mortui
4474 1829 4597 1876 non
4638 1830 4791 1875 resur-

3984 1922 4143 2000 gunt
4161 1967 4177 1996 ,
4275 1936 4481 2001 neque
4571 1916 4790 1981 Ch'sstus

3983 2025 4342 2089 resurrexit.
4477 2022 4700 2099 ”Quod
4756 2023 4790 2086 si

3983 2129 4274 2195 Christus
4324 2148 4455 2194 non
4506 2131 4788 2204 raeunexit,

3982 2255 4160 2300 uana
4181 2240 4277 2300 est
4295 2235 4451 2299 fides
4464 2238 4687 2310 uostra3
4713 2234 4788 2298 ad·

3983 2342 4110 2407 huc
4165 2344 4338 2406 enim
4392 2342 4534 2406 ostis
4586 2341 4645 2404 in
4691 2358 4787 2422 pec·

3982 2450 4140 2513 catis
4194 2450 4451 2523 uestris3
4524 2447 4575 2484 ¹⁸
4587 2465 4711 2527 ergo
4748 2447 4786 2507 et

3982 2556 4092 2638 qui
4106 2555 4503 2620 dormierunt
4515 2554 4578 2617 in
4588 2552 4784 2624 Christo,

3957 2661 4321 2746 perierunt.
4400 2660 4452 2698 ¹⁰
4465 2659 4531 2722 Si
4596 2660 4656 2722 in
4712 2657 4785 2720 hae

3981 2766 4118 2830 uita
4173 2769 4435 2830 tantum
4496 2766 4559 2828 in
4610 2763 4791 2828 Christo

3981 2874 4310 2954 sperantes
4333 2891 4570 2950 sumuS,
4601 2870 4791 2935 misera·

3980 2977 4231 3041 bilior'ae
4288 2997 4512 3042 sumus
4564 2974 4790 3041 omnihus

3981 3082 4368 3148 hominibus.
4387 3082 4622 3148 ⁹⁰Nune
4636 3084 4790 3145 autem

3982 3188 4266 3255 Christus
4285 3190 4791 3254 resurrexitamor

3980 3297 4107 3360 tuis
4159 3296 4476 3378 primitiae
4541 3292 4789 3359 dormien-

3980 3403 4159 3468 tium.
4247 3402 4630 3482 ²¹Quoniam
4672 3398 4790 3465 enim

3980 3529 4094 3593 per
4142 3509 4474 3574 hominem
4525 3526 4706 3582 mors»,
4751 3506 4791 3566 et

3981 3635 4096 3698 per
4117 3616 4451 3680 hominem
4493 3608 4792 3678 resurrectio

3980 3724 4403 3786 mortuorum.
4496 3721 4550 3759 ⁹²
4564 3720 4636 3785 Et
4681 3716 4793 3781 sicut

3978 3829 4045 3893 in
4075 3828 4294 3893 Adam
4323 3847 4544 3893 omnes
4572 3825 4793 3891 moriun-

3979 3938 4084 3999 tur
4102 3983 4118 4012 ,
4197 3935 4289 3999 ita
4366 3939 4430 3999 et
4487 3935 4551 3998 in
4604 3929 4793 3997 Christo

3978 4060 4201 4105 omnes
4345 4038 4792 4105 uiuifieabuntur.

3978 4146 4035 4187 ²⁸
4047 4149 4489 4230 unusquisque
4526 4148 4716 4210 autem
4750 4138 4795 4200 in

3970 4271 4087 4316 suo
4181 4255 4437 4328 ordine3
4541 4246 4795 4334 primitiae

957 4429 1026 4482 Α
1095 4426 1144 4478 5.
1178 4443 1320 4493 ειπερ
1355 4443 1455 4492 αρα
1496 4443 1621 4491 νεαρ.
1657 4443 1742 4473 ome
1773 4442 1920 4491 εγειρ.
1961 4421 2104 4475 fehlt
2127 4420 2232 4474 DE
2265 4421 2377 4474 und
2410 4421 2466 4474 in
2492 4421 2825 4476 Minuskeln.
2898 4422 2946 4476 7.
2984 4444 3027 4473 u
3064 4443 3162 4488 γαρ
3203 4443 3359 4493 unqua
3396 4444 3481 4474 ovat
3514 4443 3791 4494 εγειροντω
3816 4421 3961 4477 fehlt
3982 4422 4040 4477 P.
4118 4423 4199 4478 16.
4238 4444 4348 4478 wa.
4386 4440 4526 4476 παπ
4566 4410 4793 4489 mQDFa

955 4515 1025 4568 Β
1097 4511 1147 4563 2.
1183 4510 1317 4579 quia
1357 4514 1379 4562 t
1412 4509 1673 4577 quoniam
1710 4521 1769 4574 g.
1838 4507 1888 4560 4.
1940 4506 2088 4576 quod
2145 4509 2438 4562 suscitauit
2473 4507 2614 4560 Iren.
2700 4507 2750 4560 6.
2806 4507 2916 4560 Das
2955 4509 3098 4562 erate
3135 4510 3185 4563 εἰ
3218 4509 3426 4563 mortui
3459 4524 3570 4562 non
3600 4514 3895 4578 resumunt
3934 4508 4080 4563 fehlt
4133 4508 4277 4563 noch
4314 4510 4400 4564 de
4435 4504 4667 4568 Tertull„
4698 4502 4795 4556 Am-

1092 4594 1345 4649 brosiast.
1414 4594 1462 4648 9.
1499 4594 1552 4648 si
1586 4599 1769 4648 autem
1806 4591 1893 4661 fg·
1927 4592 2069 4647 Iren.
2147 4594 2225 4646 12.
2284 4595 2426 4648 enim
2472 4592 2617 4647 fehlt
2651 4607 2710 4660 g.
2779 4592 2863 4646 21.
2913 4595 3173 4663 quoniam
3213 4593 3431 4663 quidem
3471 4594 3507 4647 d
3543 4594 3932 4660 Ambrosiast„
3970 4594 4281 4649 Scholiasta.
4318 4595 4497 4658 Hier„
4531 4592 4668 4647 Beda
4695 4598 4794 4655 ‹1¹⁶0-

1090 4683 1242 4736 nia-m
1277 4677 1495 4749 quidem
1532 4679 1673 4732 enim
1709 4691 1769 4746 g.
1847 4679 1932 4733 24.
1969 4681 2113 4734 sicut
2148 4681 2289 4734 enim
2325 4679 2416 4748 dg·
2455 4679 2729 4742 Ambros.,
2783 4678 2890 4733 Leo
2933 4678 3144 4750 Magn„
3196 4677 3586 4743 Ambrosia-st..
3634 4679 3843 4746 Sedul.,
3879 4678 4125 4735 Faustin.
4162 4681 4342 4750 presb.
4418 4679 4500 4733 26.
4536 4680 4611 4734 sic
4638 4672 4788 4730 Hiber-¹

1091 4764 1263 4836 vigil.
1356 4763 1441 4817 29.
1490 4764 1712 4819 initium
1750 4765 1786 4818 d
1839 4764 2222 4829 Ambrosiast„
2270 4764 2444 4819 Hilar.
2484 4767 2577 4835 (de
2614 4764 2792 4819 trinit.
2833 4764 2936 4819 col.
2975 4765 3110 4819 1096
3129 4765 3164 4819 b
3208 4763 3268 4818 in
3319 4763 3438 4819 drei
3488 4764 3946 4830 Handnehriften‚
3994 4768 4150 4821 eonst
4181 4766 4517 4837 primitiae);
4565 4760 4794 4817 initiunt

1086 4852 1373 4922 primitiae
1404 4864 1471 4917 g.

955 4939 1014 4996 c
1097 4938 1140 4990 1.
1178 4938 1491 4991 inuenimur
1526 4941 1579 4990 et
1605 4935 1753 5004 falsi
1790 4940 1948 4990 testes
1980 4935 2069 4989 dci
2103 4937 2156 4991 ei
2198 4939 2563 4992 testimonium
2600 4936 2845 4992 diximus
2879 4936 3148 4992 aduersus
3183 4936 3342 4991 deum
3378 4938 3511 5005 quia
3550 4939 3878 4993 excitatam-it
3918 4937 4196 4994 Christum
4236 4954 4390 5008 quem
4437 4952 4546 4991 non
4579 4924 4797 4987 excitavit

1090 5022 1161 5076 de
1192 5019 1480 5076 mendacio
1516 5021 1601 5074 21.
1639 5049 1706 5060 -
1745 5020 1773 5051 '⁸¹
1802 5021 1872 5075 de
1904 5021 2101 5076 divers.
2138 5025 2351 5090 quaest.
2387 5023 2473 5086 69,
2509 5024 2557 5077 2.
2597 5051 2657 5062 -
2699 5022 2781 5078 21.
2821 5025 3080 5092 quoniam
3119 5022 3337 5091 quidem
3367 5021 3425 5076 in
3459 5021 3577 5077 Ioh.
3615 5039 3812 5094 evang.
3853 5024 3903 5088 3,
3946 5022 4011 5077 12
4048 5026 4184 5093 quia
4218 5022 4277 5076 in
4301 5021 4420 5077 Ioh.
4455 5034 4639 5089 evang.
4670 5012 4739 5074 66,
4760 5006 4794 5060 2·

1086 5135 1154 5147 -·
1186 5123 1291 5176 per
1339 5109 1608 5162 hominem
1657 5105 1714 5159 in
1751 5106 1867 5161 Ioh.
1916 5124 2115 5178 evang.
2150 5109 2235 5171 66,
2274 5107 2307 5160 2
2357 5108 2472 5162 und
2522 5109 2608 5172 75,
2662 5109 2696 5162 3
2744 5124 2848 5177 per
2894 5124 3063 5162 unum
3116 5109 3385 5164 hominem
3434 5108 3592 5178 epist.
3648 5109 3764 5173 157,
3814 5109 3879 5163 14
3931 5108 4049 5162 und
4102 5108 4218 5171 187,
4265 5109 4334 5163 30
4382 5108 4441 5160 in
4488 5105 4598 5159 Ioh.
4641 5112 4794 5162 evang-

1087 5193 1173 5257 30,
1213 5194 1245 5246 5
1297 5191 1395 5262 (iet
1427 5191 1531 5246 frei
1571 5191 1766 5261 eitirt).
1841 5222 1906 5232 -—
1981 5193 2063 5247 22.
2114 5211 2218 5263 per
2268 5195 2536 5249 hominem
2584 5192 2642 5246 in
2679 5192 2795 5247 Ioh.
2836 5209 3033 5263 evang.
3070 5193 3155 5257 66,
3191 5194 3225 5246 2
3272 5195 3388 5248 und
3424 5194 3509 5259 75,
3540 5195 3574 5248 3
3617 5210 3719 5264 per
3760 5210 3930 5248 unum
3965 5196 4238 5250 hominem
4270 5191 4432 5262 epist.
4477 5190 4586 5252 157,
4622 5186 4679 5240 14
4707 5179 4792 5235 und

1091 5278 1209 5343 187,
1245 5278 1315 5331 30
1350 5277 1411 5330 in
1448 5278 1562 5332 Ioh.
1601 5293 1798 5347 evang.
1835 5277 1920 5343 30,
1960 5280 1992 5332 5
2042 5278 2177 5349 (vgl.
2215 5279 2394 5348 oben).
2457 5308 2521 5319 —
2583 5279 2666 5333 24.
2705 5281 2848 5334 sieut
2882 5280 3023 5333 enim
3057 5278 3216 5348 epist.
3269 5280 3384 5344 157,
3432 5280 3498 5334 14
3539 5280 3653 5334 und
3694 5279 3792 5334 187
3806 5319 3819 5344 ,
3855 5280 3925 5334 30
3973 5279 4033 5333 in
4069 5278 4186 5333 Ioh.
4227 5294 4423 5348 evang.
4460 5279 4509 5340 3,
4548 5275 4608 5329 12
4677 5270 4746 5331 66,
4770 5264 4795 5315 2

1086 5365 1201 5418 und
1241 5364 1325 5428 75,
1362 5364 1413 5418 3.
1455 5393 1511 5403 -—
1554 5362 1638 5417 26.
1674 5366 1754 5419 sic
1790 5364 1950 5434 epist.
1993 5364 2110 5429 187,
2146 5366 2213 5419 34
2248 5365 2307 5419 in
2329 5366 2445 5419 Ioh.
2482 5382 2680 5435 evang.
2717 5366 2767 5419 3.
2801 5364 2864 5417 12
2905 5365 3019 5418 und
3058 5365 3141 5429 75,
3164 5366 3199 5420 3
3234 5366 3319 5420 ita
3355 5364 3516 5434 epist.
3556 5366 3672 5430 157,
3716 5366 3777 5420 14
3814 5365 3928 5420 und
3969 5365 4086 5430 187,
4122 5366 4192 5419 30
4227 5363 4286 5417 in
4322 5363 4439 5418 Ioh.
4466 5376 4649 5428 evang.
4673 5348 4791 5416 ΒΜ»

944 5452 1016 5507 ΙΙ
1086 5452 1135 5505 5.
1173 5466 1331 5520 quem
1361 5465 1474 5504 non
1504 5451 1811 5517 suscitauit,
1845 5453 1897 5507 si
1933 5453 2139 5506 mortui
2171 5468 2284 5506 non
2318 5457 2643 5521 νεεανραηις
2676 5466 2806 5504 nam
2841 5451 2892 5506 εἰ
2925 5452 3132 5505 mortui
3165 5467 3276 5506 non
3313 5458 3630 5522 resurgunt,
3671 5468 3791 5521 neq.
3833 5451 4034 5508 Ghn‘st.
4071 5468 4174 5506 res.
4210 5465 4308 5518 vg.
4384 5449 4465 5504 13.
4497 5455 4547 5503 et
4575 5441 4703 5499 fehlt
4730 5435 4790 5492 f*

1081 5535 1166 5590 21.
1202 5536 1462 5604 quoniam
1504 5534 1721 5604 quidem
1760 5535 1829 5590 fn
1865 5551 1963 5605 vg.
2036 5537 2119 5592 27.
2157 5539 2518 5608 uiuificantur
2551 5535 2636 5591 fu.

2613 5639 2639 5692 1
2677 5637 2798 5692 Cor.
2844 5639 2923 5701 15,
2963 5639 3182 5693 15-23,
