5117 6800
1209 1023 1302 1093 A

813 1157 1213 1219 πεποιθεναι
1268 1178 1476 1219 savem
1518 1180 1682 1238 χρει·

812 1277 973 1325 στου
1021 1284 1189 1325 ειναι
1225 1285 1415 1326 τουτο
1456 1262 1680 1345 λογιζε-

812 1372 963 1433 σθω
992 1368 1193 1433 παλιν
1219 1353 1305 1453 ἐφ
1325 1392 1560 1435 samon
1582 1394 1679 1435 οτι

810 1478 1047 1539 naama
1086 1493 1293 1541 αυτοσ
1341 1499 1422 1557 χυ
1468 1495 1680 1543 ουτωσ

758 1597 792 1651 5
809 1606 918 1646 και
1010 1600 1206 1668 ημεισ
1322 1583 1481 1646 ⁸em·
1559 1607 1680 1666 γαρ

813 1705 1279 1772 περισσοτερον
1325 1711 1384 1754 τι
1448 1714 1678 1775 καυχη-

810 1813 1025 1879 σωμαι
1054 1818 1205 1876 περι
1220 1813 1346 1879 τησ
1370 1801 1678 1873 εξουσιασ

808 1925 991 1985 ημων
1054 1921 1141 1988 ησ
1202 1902 1441 1967 εδωκεν
1506 1928 1540 1967 o
1592 1922 1676 1970 κσ

808 2026 912 2075 εισ
966 2011 1307 2095 οικοδομην
1386 2035 1492 2076 και
1563 2035 1676 2075 ουκ

725 2123 790 2178 10
809 2132 912 2180 ειο·
938 2121 1325 2200 καθαιρεσιν
1352 2142 1531 2201 υμων
1563 2143 1676 2183 ουκ

805 2229 1339 2310 αισχυνθησομαι
1394 2228 1540 2289 9ινα
1584 2250 1673 2310 μη

811 2330 980 2406 δοξω
1065 2350 1160 2398 ωσ
1244 2356 1328 2396 αν
1376 2339 1676 2417 εκφοβειν

805 2454 988 2519 υμασ
1010 2439 1120 2502 δια
1153 2460 1284 2502 των
1312 2441 1675 2505 επιστολων

812 2543 867 2582 ¹⁰
880 2566 979 2607 οτι
1028 2568 1097 2608 m
1161 2546 1497 2610 επιστολαι
1550 2569 1676 2628 μεν

721 2660 787 2715 15
807 2668 1012 2734 φασιν
1025 2656 1275 2734 βαρειαι
1293 2676 1397 2714 και
1421 2670 1674 2734 ισχυραι

804 2779 844 2839 η
887 2757 960 2820 δε
1012 2777 1340 2838 παρουσια
1393 2782 1507 2823 του
1548 2778 1668 2824 σω-

803 2882 1019 2945 ματοσ
1086 2851 1391 2948 ἀσθενησ
1458 2890 1563 2929 και
1638 2891 1672 2929 ο

804 2968 995 3050 λογοσ
1080 2973 1588 3056 εξουδειηγμευόσ
1642 2987 1647 2992 ’

809 3076 861 3114 ¹¹
887 3098 1077 3141 τουτο
1189 3077 1540 3160 λογιζεσθω
1637 3103 1671 3143 ο

713 3186 781 3242 20
798 3201 1094 3251 τοιουτοσ
1147 3208 1243 3250 οτι
1300 3208 1418 3250 mm
1468 3205 1671 3270 εσμεν

797 3314 888 3354 τω
944 3292 1106 3375 λογω
1178 3294 1245 3356 δι
1307 3296 1670 3359 επιστολων

796 3418 1093 3466 αποντεσ
1194 3423 1469 3464 ‘coconem
1563 3426 1670 3466 xm

797 3525 1131 3589 παροντεσ
1173 3530 1262 3569 τω
1307 3530 1464 3588 εργω

805 3614 859 3652 ¹²
875 3637 950 3676 ov
1003 3637 1122 3696 γαρ
1180 3615 1393 3693 τολμω
1436 3637 1667 3696 ενκρει-

710 3725 778 3780 25
797 3743 905 3782 ναι
922 3744 961 3803 η
989 3738 1355 3802 συνκρειναι
1391 3737 1669 3785 εαυτουσ

795 3842 967 3891 τισιν
1005 3850 1136 3889 των
1178 3844 1455 3892 εαυτουσ
1495 3843 1668 3891 συνι-

795 3949 1167 3999 στανοντων
1244 3932 1409 3997 αλλα
1485 3956 1670 3996 αυτοι

794 4063 868 4104 εν
910 4059 1171 4106 samolo·
1225 4056 1506 4105 εαυτουσ
1555 4062 1666 4121 με·

793 4167 1105 4231 τρουντεσ
1132 4170 1237 4211 και
1269 4140 1666 4230 συνκρεινον-

704 4256 911 4323 3οτεσ
950 4271 1230 4320 εαυτουσ
1284 4271 1542 4318 samolo
1590 4276 1664 4316 ov

791 4379 1124 4430 συνειασιν

788 4658 856 4715 A
928 4658 973 4711 l.
1012 4656 1165 4711 Stati:
1201 4656 1330 4707 δοκει
1365 4657 1672 4707 mum-9⁰2⁶
1720 4652 1902 4708 haben
1946 4652 2035 4708 die
2082 4652 2259 4724 ubi-ig.
2296 4652 2601 4709 Handflehr.
2639 4657 2908 4708 πεποιθεν.

1810 1153 1928 1217 sibi
1987 1154 2251 1222 confidit
2300 1155 2545 1223 Christi
2614 1178 2684 1225 se

1811 1277 1963 1339 aese,
2007 1262 2130 1328 hoc
2186 1265 2414 1347 cogitet
2454 1265 2683 1330 iterum

1817 1370 1973 1449 aput
2013 1387 2080 1431 se
2133 1369 2315 1452 quia,
2371 1372 2682 1452 quomodo

1811 1473 1940 1556 ipse
1996 1472 2224 1539 Christi
2275 1479 2370 1542 est
2384 1525 2402 1555 ‚
2469 1477 2559 1542 sic
2616 1480 2681 1543 et

1811 1597 1944 1645 nos.
2006 1581 2193 1646 ⁸Siue
2250 1583 2421 1647 enim
2478 1584 2681 1649 abun-

1813 1686 2070 1753 dantius
2087 1687 2467 1769 glorificatus
2503 1692 2678 1757 fuero

1808 1793 1889 1858 de
1951 1797 2325 1877 potestatem
2393 1801 2677 1862 nostram

1808 1919 2005 1982 quam
2067 1903 2248 1966 nobis
2304 1904 2474 1969 dedit
2521 1904 2677 1969 deus

1810 2007 1875 2071 in
1921 2008 2425 2090 aedificationem
2452 2014 2517 2075 et
2543 2031 2679 2076 non

1806 2114 1872 2179 in
1887 2114 2365 2182 destructionem
2375 2122 2674 2200 uestram,

1806 2238 1937 2284 non
1966 2222 2366 2300 erubescam3
2413 2226 2519 2289 ”ut
2542 2246 2675 2291 non

1809 2328 2133 2392 existimer
2173 2332 2509 2414 tamquam
2548 2336 2674 2397 ter-

1804 2454 1942 2500 rere
1984 2454 2099 2500 uos
2137 2455 2250 2519 per
2292 2439 2670 2520 aepistulas3

1813 2541 1867 2580 ¹⁰
1880 2544 2035 2622 quia
2115 2544 2460 2626 aepistulae
2531 2548 2671 2630 qui-

1803 2648 1980 2726 dem,
2047 2651 2250 2729 aiunt,
2306 2671 2544 2734 yraues
2606 2657 2672 2719 et

1803 2755 1994 2820 fortae
2056 2759 2235 2834 sunt,
2317 2760 2673 2840 praesentia

1806 2870 2013 2927 autem
2088 2862 2360 2945 eorporis
2423 2863 2676 2932 infirma

1805 2973 1871 3033 et
1940 2989 2147 3034 sermo
2224 2971 2671 3038 contemtibilis.

1809 3076 1860 3113 ¹¹
1876 3075 2014 3140 Hoc
2070 3078 2298 3160 cogitet
2348 3079 2457 3160 qui
2509 3080 2671 3145 eius-

1806 3183 1980 3247 modi
2008 3191 2099 3248 εει
2127 3186 2430 3267 quoniam
2453 3186 2672 3267 quales

1799 3309 2020 3355 sumus
2043 3291 2241 3355 uerbo
2256 3311 2369 3374 per
2386 3295 2671 3372 aepistu-

1798 3396 1891 3462 las
1919 3397 2231 3478 absentee,
2266 3397 2421 3464 tales
2451 3419 2670 3465 sumus

1800 3508 1864 3569 et
1941 3508 2314 3585 praesentes
2394 3524 2601 3588 opere.

1806 3610 2016 3677 Η’Νοῐι
2091 3613 2263 3676 enim
2359 3614 2669 3679 audemus

1799 3716 2125 3798 applicare
2165 3721 2279 3782 aut
2319 3738 2668 3801 conparare

1797 3843 1913 3889 nos
1972 3824 2353 3907 quibusdam
2412 3827 2523 3906 qui
2594 3847 2666 3892 se

1798 3931 1961 4014 ipsos
2003 3932 2483 4010 commendant,
2553 3933 2665 3997 sed

1797 4036 1916 4120 ipsi
1955 4039 2023 4101 in
2063 4044 2253 4104 semet
2293 4038 2437 4120 ipsis
2464 4042 2666 4103 semet

1796 4144 1962 4228 ipsos
1977 4152 2412 4210 mensurantes
2427 4149 2491 4209 et
2511 4165 2665 4209 con-

1797 4256 2093 4335 parantes
2118 4254 2313 4317 semet
2334 4252 2502 4335 ipsos
2515 4252 2664 4316 sibi-

1794 4364 1926 4424 met
1954 4358 2099 4440 ipsis
2117 4377 2249 4423 non
2279 4357 2661 4441 intelleyunt.

2689 838 2827 908 104

3386 4149 3421 4189 *
3463 4147 3653 4214 Com-

2782 4259 3078 4337 parantes
3097 4261 3298 4353 semet
3324 4257 3489 4340 ipsos
3509 4257 3654 4320 sihi-

2786 4363 3085 4446 metipsis
3111 4383 3245 4430 non
3264 4364 3652 4446 intellegunt.

3797 1159 4076 1226 confidet
4145 1161 4263 1227 sibi
4319 1160 4549 1228 Christi
4600 1181 4668 1226 se

3798 1285 3952 1346 aese,
4007 1267 4129 1333 hoc
4171 1267 4402 1350 cogitet
4439 1268 4669 1333 iterum

3798 1374 3971 1456 apud
4014 1394 4082 1438 se
4125 1375 4296 1458 quia,
4338 1376 4499 1440 sicut
4538 1374 4667 1457 ipse

3796 1477 4021 1544 Christi
4075 1484 4172 1545 est
4187 1530 4203 1558 ‚
4264 1482 4355 1545 ita
4412 1483 4477 1544 et
4530 1499 4665 1545 noe.

3797 1585 3825 1625 ⁸
3838 1586 4006 1651 Nam
4056 1588 4171 1651 etsi
4226 1587 4498 1671 amplius
4550 1586 4664 1650 ali-

3794 1693 3949 1776 quid
3999 1693 4300 1775 gloriatus
4355 1693 4528 1759 fuero
4584 1693 4663 1758 de

3793 1803 4105 1883 potestate
4187 1804 4405 1864 nostra
4467 1819 4665 1883 quam

3793 1905 3967 1971 dedit
4022 1907 4314 1972 dominus
4366 1906 4431 1973 in
4488 1906 4663 1970 aedi-

3790 2011 4149 2078 ficationem
4191 2018 4255 2078 et
4283 2033 4415 2078 non
4443 2013 4509 2077 in
4551 2013 4663 2077 de-

3788 2121 4200 2186 structionem
4212 2122 4512 2196 uestram‚
4527 2137 4662 2183 non

3793 2225 4197 2302 erubescam3
4289 2227 4399 2290 ”ut
4440 2231 4660 2291 autem

3787 2352 3921 2397 non
3973 2334 4285 2398 existimer
4323 2336 4661 2416 tamquam

3792 2442 4022 2503 terrere
4053 2459 4169 2504 uos
4195 2459 4310 2523 per
4336 2438 4659 2522 epistulam

3797 2546 3852 2584 ¹⁰
3868 2547 4174 2629 quoniam
4215 2547 4471 2629 quidem
4529 2545 4661 2627 epi-

3787 2652 3988 2717 stulae
4005 2701 4022 2732 ‚
4064 2653 4390 2735 inquiunt,
4432 2671 4661 2734 graues

3785 2762 3934 2823 sunt
3959 2763 4023 2824 et
4069 2761 4260 2836 fortiS‚
4298 2761 4658 2843 praesentia

3783 2869 3998 2931 autem
4071 2867 4346 2949 corporis
4405 2867 4660 2932 infirma

3781 2975 3847 3037 et
3895 2993 4104 3038 sermo
4156 2973 4657 3057 contemptibilis.

3790 3079 3842 3118 ¹¹
3857 3080 3997 3145 Hoc
4059 3080 4288 3163 cogitet
4342 3080 4452 3163 qui
4493 3081 4657 3145 eius-

3780 3186 3955 3251 modi
4017 3191 4115 3251 est
4202 3187 4354 3269 quia
4436 3187 4655 3269 qualoe

3776 3312 3996 3359 sumus
4037 3292 4237 3358 uerbo
4277 3312 4391 3377 per
4418 3294 4652 3377 epistu-

3778 3401 3871 3466 las
3932 3401 4255 3480 absentae‚
4352 3402 4511 3466 talae
4588 3404 4649 3467 et

3774 3511 4135 3590 praesentes
4174 3508 4243 3572 in
4283 3507 4470 3573 facto.

3783 3614 3835 3653 ¹²
3860 3613 4007 3679 Non
4088 3616 4261 3679 enim
4337 3616 4636 3681 audemus

3772 3721 4045 3786 inserere
4111 3724 4225 3785 aut
4295 3740 4627 3804 conparare

3773 3846 3890 3891 nos
3954 3828 4334 3911 quibusdam
4401 3827 4505 3909 qui
4559 3845 4624 3890 se

3771 3935 3939 4016 ipsos
3990 3933 4460 4011 commendant,
4517 3931 4629 3997 sed

3771 4039 3888 4122 ipsi
3908 4041 3974 4104 in
3998 4041 4180 4106 nobis
4199 4044 4440 4106 nosmet
4466 4040 4633 4123 ipsos

3772 4146 4100 4211 metientes
4127 4151 4192 4212 et
4204 4149 4638 4231 comparantes

3771 4256 4021 4319 nosmet
4061 4255 4228 4336 ipsos
4272 4253 4474 4319 nobis,

2994 4653 3044 4708 5.
3079 4674 3168 4706 ear
3201 4672 3257 4704 τε
3294 4673 3393 4724 γαρ
3428 4651 3821 4707 ΣΟΒΕΚΒΡ
3867 4672 3921 4705 τε
3965 4651 4108 4706 fehlt.
4140 4650 4255 4705 FG.
4327 4651 4378 4705 6.
4414 4672 4468 4702 τι
4500 4648 4642 4705 fehll'·

924 4744 1041 4798 cod.
1067 4739 1451 4796 Leicestrensis
1487 4740 1550 4810 (e.
1576 4739 1722 4794 XIV.
1752 4757 1834 4794 nr.
1858 4739 1924 4793 37
1959 4737 2046 4793 bei
2069 4738 2376 4809 Tischend.)
2412 4740 2526 4793 und
2562 4757 2768 4795 armen.
2793 4738 3013 4795 Uebers.
3082 4739 3131 4794 8.
3166 4760 3191 4790 ο
3225 4742 3301 4791 θα
3336 4737 3614 4794 D*E*FG
3636 4758 3840 4805 -ημιν
3873 4736 4044 4809 stigen
4079 4736 4168 4792 bei
4195 4735 4638 4792 DeEFGKLP.

927 4831 1007 4884 11.
1041 4849 1128 4881 ινα
1166 4829 1219 4881 δε
1262 4827 1319 4881 in
1357 4827 1419 4881 ll
1447 4825 1685 4880 Minusk.
1766 4826 1851 4880 24.
1890 4827 2148 4886 τολμωμεν
2169 4824 2257 4880 die
2296 4825 2473 4897 fibi-ig.
2499 4825 2803 4881 Handschr.
2871 4825 2956 4880 31.
2990 4847 3048 4877 ου
3083 4845 3312 4877 emmau
3344 4826 3416 4875 Σ·
3452 4846 3510 4876 ου
3543 4824 3900 4879 συνιοασιυΣ*
3933 4845 3991 4878 ου

4029 4843 4279 4876 οιινιουοιυ
4314 4822 4445 4877 DeE
4459 4822 4510 4877 Κ
4521 4821 4563 4875 L
4579 4822 4638 4876 P.

787 4934 857 4989 l!
927 4933 975 4987 5.
1006 4935 1057 4988 si
1094 4933 1232 4988 enim
1269 4930 1487 5002 aliquid
1520 4929 1892 4986 abundantius
1923 4931 2199 5000 gloriatus
2224 4930 2394 4997 fuero
2430 4929 2467 4984 d
2510 4931 2564 4985 si
2592 4930 2732 4984 enim
2767 4928 2983 4999 aliquid
3017 4927 3388 4984 abundantius
3417 4928 3702 4998 ylariabor
3736 4934 3760 4982 t
3807 4934 3895 4984 tus
3930 4928 4090 4994 fuero
4126 4942 4170 4993 g
4214 4926 4266 4981 ei
4297 4926 4515 4995 aliquid
4549 4927 4641 4980 ab·

924 5018 1227 5074 undantius
1277 5018 1552 5087 qloriatus
1590 5017 1759 5086 suero
1795 5015 1966 5088 vigil.
2021 5018 2072 5071 ei
2119 5018 2260 5072 enim
2310 5016 2682 5071 abundantius
2720 5016 2994 5088 storiatus
3032 5014 3202 5084 fuero
3238 5013 3421 5069 Sedul.
3502 5014 3552 5069 6.
3587 5013 3722 5068 Hier
3765 5013 3840 5069 iat
3870 5013 4017 5068 wohl
4061 5013 4337 5082 gloriatus
4369 5030 4437 5066 zu
4473 5011 4638 5068 lesen.

922 5103 970 5158 8.
1003 5106 1163 5160 nobie
1183 5119 1227 5173 g·
1250 5103 1441 5175 vigil„
1477 5101 1859 5167 Ambrosiaet„
1900 5102 2154 5173 dagegen
2179 5102 2321 5157 fehlt
2349 5105 2408 5158 et
2444 5102 2559 5157 d—
2576 5101 2710 5157 deus
2730 5102 2766 5156 d
2783 5100 3012 5172 gVigil.
3049 5099 3301 5157 domiuus
3328 5099 3684 5155 Ambrosiast.
3758 5102 3840 5155 11.
3857 5106 4035 5156 autem
4054 5099 4196 5154 fehlt
4216 5099 4318 5168 dg.
4398 5100 4477 5154 14.
4508 5102 4642 5169 quia

920 5193 1077 5261 epist.
1130 5190 1343 5260 quidem
1383 5188 1738 5244 Ambrosiast.
1816 5188 1900 5242 23.
1943 5191 2003 5244 iu
2035 5205 2198 5259 opere
2231 5189 2478 5244 Ambroe.
2493 5229 2506 5253 ,
2544 5186 2902 5243 Ambrosiast.
2986 5187 3070 5242 29.
3118 5193 3489 5244 mensurantes
3531 5187 3674 5242 habe
3719 5187 3808 5242 ich
3854 5202 3932 5240 an
3966 5184 4136 5241 Stelle
4182 5186 4280 5241 des
4324 5184 4639 5241 unzweisel-

916 5276 1041 5333 haft
1088 5276 1501 5347 ausgefallenen
1536 5275 1755 5330 Wortes
1790 5274 1933 5329 nach
1968 5289 1999 5328 ο
2011 5289 2056 5343 ς
2094 5277 2443 5345 (mieurantes
2480 5275 2542 5344 d)
2580 5275 2694 5329 und
2726 5271 3084 5328 Ambrosiast.
3120 5271 3434 5344 beigeeetzt..

782 5383 840 5439 (2
918 5381 946 5412 *
981 5382 1048 5437 de
1085 5380 1234 5436 civit..
1269 5379 1358 5436 dei
1397 5380 1477 5446 12,
1518 5380 1608 5445 17;
1643 5378 1844 5435 ebenso
1876 5378 1935 5432 in
1969 5377 2164 5449 psalm.
2200 5378 2286 5443 34,
2323 5378 2373 5442 2,
2413 5378 2477 5431 10
2511 5376 2627 5430 und
2657 5378 2852 5432 contra
2884 5375 3069 5430 Faust.
3105 5374 3189 5441 22,
3222 5376 3309 5431 47.

778 5539 847 5593 Ι)
922 5544 968 5594 1.
1003 5538 1229 5609 confidit
1257 5553 1340 5607 vg
1374 5535 1601 5605 confidit
1633 5538 1738 5593 sibi
1772 5535 1966 5593 christi
1999 5550 2215 5589 seruum
2248 5550 2305 5590 ee
2343 5550 2455 5590 esee
2487 5533 2572 5588 fu,
2649 5531 2699 5586 8.
2742 5533 2900 5589 nobis
2933 5531 3086 5591 dedit
3116 5534 3184 5590 fu
3218 5531 3371 5590 dedit
3400 5534 3557 5589 nobie
3584 5546 3684 5600 vg.
3757 5531 3839 5587 16.
3864 5531 4049 5602 fortes
4084 5530 4152 5586 fu
4184 5544 4284 5599 vg.

2444 5638 2477 5691 2
2516 5636 2638 5693 Cor.

2675 5637 2756 5703 10,
2793 5636 2977 5692 7—12.
3019 5682 3023 5686 Α
