5117 6800
1197 1141 1291 1211 A

807 1294 1159 1356 στρατειαν
1198 1275 1252 1314 ¹⁹
1266 1295 1435 1354 εχων
1460 1290 1687 1338 πιστιν

808 1405 917 1446 και
944 1385 1210 1464 αγαθην
1238 1380 1582 1463 συνιδησιν
1606 1403 1688 1466 ην

807 1503 989 1552 uvea
1045 1502 1478 1567 απωσαμενοι
1538 1509 1690 1568 περι

809 1616 931 1677 την
987 1609 1216 1658 πιστιν
1282 1609 1692 1676 εναυαγησαν

762 1706 795 1760 5
817 1701 875 1740 ²⁰
889 1722 980 1762 an·
1032 1716 1213 1764 εστιν
1258 1714 1540 1779 υμενεοσ
1584 1721 1693 1761 και

813 1805 1222 1886 αλεξανδροσ
1291 1821 1413 1869 ovo
1487 1827 1694 1887 παρε-

814 1912 996 1975 δωκα
1068 1934 1159 1972 τω
1242 1927 1503 1975 amara
1587 1934 1694 1974 ινα

816 2018 1238 2083 παιδευθωσι
1321 2039 1411 2099 μη
1491 2016 1694 2098 filac-

816 2145 1024 2206 φημιν
1063 2123 1134 2188 11.
1157 2122 1555 2203 Ῑπαρακαλω
1578 2145 1695 2185 ουν

732 2237 799 2294 10
815 2249 1078 2310 nomon
1160 2251 1432 2292 παντων
1499 2251 1696 2294 notet·

814 2339 986 2400 σθαι
1013 2335 1279 2419 δεησεισ
1308 2351 1695 2415 προσευχασ

817 2444 1151 2517 εντευξεισ
1274 2456 1697 2522 ευχαριστιασ

820 2569 988 2629 υπερ
1084 2567 1355 2608 παντων
1439 2550 1697 2626 0:1va-

820 2674 968 2714 πων
1002 2652 1205 2734 ὐπερ
1232 2651 1558 2734 ,Sami-stov
1590 2647 1735 2714 nat*

739 2775 803 2828 15
821 2781 1092 2822 παντων
1134 2780 1268 2820 των
1303 2780 1375 2820 εν
1412 2779 1697 2842 υπεροχη

821 2888 1029 2928 οντων
1101 2887 1209 2927 ινα
1277 2886 1517 2947 ηρεμον
1592 2887 1699 2925 και

819 2988 1072 3055 ῃσιχιον
1143 2974 1290 3052 ,sm
1375 2970 1700 3051 διαγωμεν

823 3100 895 3140 εν
979 3093 1166 3159 παση
1249 3080 1517 3158 ευσεβια
1591 3100 1699 3140 και

820 3200 1172 3267 σεμνοτητι
1228 3183 1459 3244 ⁸tom’o
1500 3182 1700 3245 καλοι·

734 3298 803 3354 20
819 3313 927 3353 και
983 3288 1355 3353 αποδεκτον
1421 3310 1703 3351 erc-›mm-

818 3419 937 3460 του
991 3412 1123 3477 σρσ
1178 3417 1363 3478 ημων
1415 3398 1513 3457 θυ

822 3506 946 3567 ⁴00⁶
989 3519 1261 3567 παντασ
1290 3505 1704 3582 ανθρωπουσ

2691 953 2827 1022 126

1825 1274 1879 1312 ¹⁹
1891 1271 2140 1337 habens
2194 1271 2390 1337 fidem
2461 1275 2527 1336 et
2580 1272 2698 1337 bo-

1816 1397 1976 1443 nam
1997 1378 2469 1456 conscientiam,
2496 1396 2698 1461 quam

1821 1484 2090 1568 quidam
2132 1483 2506 1567 repellentes
2532 1485 2701 1549 circa

1821 1591 2018 1656 fidem
2080 1590 2648 1671 nautragauerunt,

1826 1697 1886 1736 ¹⁰
1898 1716 1978 1762 ex
2031 1696 2275 1779 quibus
2308 1700 2404 1762 est
2459 1695 2703 1779 Hyme-

1824 1821 1985 1867 neus
2028 1805 2094 1867 et
2107 1801 2494 1880 Alexander,
2540 1820 2703 1885 quos

1824 1908 2057 1974 tradidi
2096 1912 2391 1986 satanae,
2445 1912 2519 1972 ut
2577 1908 2705 1971 dis-

1825 2019 1978 2080 cant
2035 2034 2168 2079 non
2234 2015 2703 2098 blasphemare.

1825 2121 1896 2186 11.
1931 2124 1949 2159 ¹
1965 2120 2246 2186 Obsecro
2304 2140 2452 2202 ergo
2496 2120 2704 2203 primo

1826 2228 2117 2292 omnium
2176 2227 2310 2291 fieri
2357 2227 2708 2310 depraeca-

1827 2334 2032 2398 tiones
2069 2332 2475 2397 adorationes
2510 2333 2707 2396 inter-

1828 2439 2195 2522 pellationes
2231 2440 2579 2521 gratiarum
2602 2456 2707 2503 ac-

1827 2546 2033 2610 tiones
2091 2565 2205 2627 pro
2251 2546 2547 2609 omnibus
2592 2544 2708 2608 ho·

1829 2651 2126 2727 minibuS,
2169 2653 2325 2733 ²pro
2354 2651 2608 2733 regibus
2643 2653 2710 2714 et

1829 2758 2126 2822 omnibus
2168 2758 2280 2841 qui
2320 2758 2387 2821 in
2423 2757 2708 2822 sublimi-

1830 2867 1962 2928 tate
2021 2866 2202 2937 sunt,
2265 2865 2358 2928 uti
2423 2865 2707 2946 quietam

1828 2972 1896 3033 et
1990 2969 2399 3052 tranquillam
2508 2970 2711 3034 uitam

1829 3093 2100 3156 agamus
2122 3075 2189 3140 in
2207 3078 2384 3140 omni
2406 3078 2711 3158 pietatem

1830 3184 1895 3246 et
1935 3182 2284 3246 caritatem.
2329 3182 2509 3248 ³Hoc
2536 3183 2710 3246 enim

1830 3287 2077 3351 bonum
2118 3292 2184 3352 et
2238 3292 2574 3371 acceptum
2615 3291 2712 3353 eet

1832 3413 2051 3460 coram
2087 3392 2407 3460 saluatore
2490 3396 2710 3459 nostro

1832 3501 1975 3579 dec,
2015 3501 2402 3584 ⁴*quiomnes
2419 3501 2710 3565 homines

3449 1800 3484 1839 *
3529 1797 3704 1877 Quos

2825 1907 3054 1973 tradidi
3094 1911 3387 1984 satanae,
3452 1908 3527 1969 ut
3579 1904 3706 1969 dis-

2825 2017 2977 2079 cant
3040 2031 3172 2078 non
3238 2011 3704 2094 blasphemare.

2827 2121 2862 2160 *
2903 2120 2929 2159 ²
3012 2118 3175 2184 Uolo
3258 2137 3410 2202 ergo
3502 2117 3707 2200 primo

2828 2226 3117 2291 omnium
3189 2224 3324 2290 fieri
3408 2224 3709 2306 depreea-

2827 2333 3031 2398 tiones
3065 2331 3472 2396 adorationes
3515 2331 3708 2395 inter-

2828 2438 3199 2522 pellationes
3224 2438 3572 2519 gratiarum
3601 2455 3709 2502 ac-

2828 2546 3031 2610 tiones
3085 2562 3203 2627 pro
3245 2544 3542 2608 omnibus
3590 2542 3709 2607 ho·

2828 2651 3106 2715 minibus
3123 2697 3138 2727 ,
3200 2669 3317 2733 pro
3366 2649 3616 2731 regibus
3647 2652 3710 2713 et

2829 2758 2927 2821 his
3042 2756 3150 2838 qui
3256 2756 3322 2819 in
3425 2755 3710 2819 sublimi-

2829 2866 2962 2928 tate
3003 2865 3174 2939 sunt,
3216 2865 3290 2926 ut
3319 2862 3602 2945 quietam
3646 2865 3709 2926 et

2831 2967 3242 3051 tranquillam
3300 2971 3505 3033 uitam
3556 2986 3709 3048 aga-

2831 3093 2975 3139 mus
3034 3075 3101 3137 in
3151 3073 3327 3138 omni
3370 3074 3604 3158 pietate
3646 3076 3711 3139 et

2832 3181 3112 3245 caritate.
3198 3179 3340 3244 Hoc
3379 3181 3551 3245 enim
3594 3179 3713 3245 bo-

2831 3306 2992 3351 num
3078 3287 3144 3351 et
3213 3288 3548 3369 acceptum
3618 3289 3713 3350 est

2831 3412 3048 3459 coram
3110 3391 3432 3458 saluatore
3490 3395 3711 3458 nostro

2829 3500 2973 3575 dec,
3013 3500 3123 3582 qui
3159 3517 3381 3564 omnes
3423 3499 3712 3564 homines

817 3651 891 3706 B
960 3649 1011 3704 9.
1047 3663 1176 3718 erqo
1213 3644 1573 3702 Ambrosiast.
1628 3624 1761 3716 erqo
1797 3653 1821 3702 t
1868 3647 2045 3717 ἐρίων
2076 3660 2137 3716 3.
2233 3647 2315 3701 10.
2370 3646 2782 3716 deprecationes
2832 3632 3191 3700 Ambrosiast.

819 3736 880 3794 c
952 3735 981 3766 ¹·
1013 3734 1083 3787 de
1115 3732 1309 3788 Genes.
1346 3732 1543 3786 contra
1578 3729 1818 3785 Manich.
1854 3732 1904 3795 2,
1941 3732 2026 3787 42.
2061 3762 2128 3772 -
2178 3732 2248 3764 ¹⁸¹
2281 3734 2478 3786 eontra
2514 3730 2706 3786 Faust.
2745 3731 2826 3797 12,
2864 3731 2950 3785 36.
2986 3760 3056 3772 -
3103 3732 3153 3785 9.
3191 3731 3411 3786 obsecro
3447 3747 3608 3786 serm.
3649 3730 3764 3793 149,
3806 3730 3868 3784 17
3905 3728 4066 3800 epist.
4107 3730 4222 3793 149,
4265 3730 4330 3783 12
4369 3731 4439 3786 de
4473 3731 4707 3787 catechi-

3830 1268 3884 1306 ¹⁹
3896 1267 4142 1332 habens
4200 1267 4398 1333 fidem
4458 1271 4523 1332 et
4581 1266 4698 1332 bo-

3823 1391 3980 1438 nam
3997 1374 4467 1452 conscientiam,
4500 1389 4697 1457 quam

3823 1480 4086 1562 quidam
4129 1480 4499 1563 repellentes
4537 1481 4703 1546 circa

3825 1585 4017 1650 fidem
4124 1588 4670 1668 nauh-agauemnt
4683 1635 4701 1666 ,

3830 1692 3889 1731 ²⁰
3906 1711 3986 1757 ex
4027 1693 4169 1774 quis
4213 1696 4309 1758 est
4351 1692 4704 1775 Hymenius

3826 1803 3893 1864 et
3938 1797 4324 1877 Alexander,
4370 1819 4531 1883 quos
4571 1801 4703 1863 tra·

3826 1905 3959 1970 didi
3996 1909 4263 1971 satanae
4277 1954 4294 1983 ‚
4343 1910 4418 1972 ut
4457 1905 4705 1971 discant

3831 2029 3961 2076 non
4004 2011 4466 2095 blasphemare.

3828 2116 3899 2181 Π.
3934 2118 3955 2155 ¹
3971 2116 4250 2182 Obsecro
4288 2119 4478 2200 igitur
4502 2116 4707 2201 primo

3829 2225 4119 2289 omnium
4161 2224 4296 2289 fieri
4325 2224 4712 2289 obsecratio-

3838 2350 3950 2394 nes
3993 2330 4309 2399 orationes
4335 2329 4711 2414 postulatio-

3830 2455 3944 2500 nes
4013 2437 4363 2518 gratIarum
4432 2438 4711 2503 actiones

3833 2560 3950 2624 pro
3992 2543 4290 2608 omnibus
4325 2542 4709 2622 hominibuS,

3835 2647 3863 2687 ¹
3881 2667 3998 2731 pro
4041 2650 4291 2730 regibus
4316 2654 4384 2713 et
4412 2648 4709 2715 omnibus

3830 2755 3941 2837 qui
4000 2755 4067 2818 in
4113 2755 4500 2821 sublimitate
4539 2760 4710 2834 sunt,

3830 2865 3903 2924 ut
3945 2862 4233 2943 quietam
4292 2865 4357 2927 et
4401 2862 4711 2945 tranquil-

3831 2966 3964 3031 lam
4028 2967 4230 3032 uitam
4312 2987 4582 3051 agamus
4645 2968 4715 3034 in

3828 3074 4008 3137 omni
4036 3074 4272 3157 pietate
4313 3078 4380 3139 et
4407 3075 4713 3140 castitate.

3833 3179 3861 3218 ⁸
3876 3178 4017 3246 Hoc
4079 3181 4251 3245 enim
4305 3180 4554 3246 bonum
4621 3185 4716 3246 est

3832 3289 3897 3351 et
3937 3289 4278 3370 acceptum
4329 3306 4544 3354 coram
4590 3288 4716 3354 sal-

3833 3394 4046 3458 uatori
4088 3396 4311 3459 nostro
4351 3393 4475 3461 deo
4490 3444 4508 3474 ,

3836 3500 3974 3582 ⁴qui
3998 3518 4223 3565 omnes
4257 3500 4550 3569 hominos
4580 3503 4719 3569 uult

956 3817 1113 3873 zand.
1176 3816 1358 3872 rudib.
1408 3816 1496 3871 37.
1554 3844 1623 3859 --
1673 3832 1801 3887 erqo
1859 3817 2003 3872 fehlt
2052 3835 2210 3872 serm.
2268 3818 2384 3879 149,
2450 3816 2513 3871 17
2524 3838 2538 3883 3
2611 3816 2776 3871 dafiir
2825 3817 2976 3871 steht
3025 3820 3213 3886 itaque
3260 3815 3408 3886 epist
3462 3816 3577 3881 149,
3627 3816 3691 3870 12
3746 3817 3814 3871 de
3871 3816 4245 3872 catechizand.
4296 3816 4478 3872 rudib.
4512 3816 4593 3871 37.
4641 3846 4703 3857 -

954 3904 1244 3974 primum
1294 3903 1534 3956 omninno
1584 3918 1745 3956 serm.
1786 3903 1901 3966 149,
1942 3903 2003 3957 17
2039 3903 2199 3973 epist.
2243 3903 2450 3966 149,12
2484 3906 2727 3972 primum
2767 3902 2939 3957 allein
2982 3903 3052 3957 de
3086 3900 3459 3957 catechizand.
3495 3901 3676 3957 rudib.
3728 3902 3814 3957 37.
3865 3932 3932 3942 -
3974 3902 4054 3956 10.
4092 3901 4505 3972 deprecationes
4551 3919 4705 3959 serm.

961 3988 1078 4054 149,
1117 3988 1182 4042 17
1233 3988 1303 4043 de
1348 3986 1725 4043 catechizand.
1773 3987 1953 4043 rudib.
1991 3988 2057 4042 37
2108 3990 2507 4043 obsecrationes
2551 3988 2711 4058 epist.
2752 3988 2866 4051 149,
2925 3987 3018 4053 12;
3080 4005 3180 4042 aus
3227 3989 3363 4042 dem
3421 3989 3543 4043 hier
3594 3988 3965 4044 nnmittelbar
4024 3988 4324 4058 folgenden
4371 3988 4557 4060 ergibt
4597 3988 4715 4044 sich

957 4074 1234 4146 iibrigens,
1272 4074 1399 4127 dass
1435 4074 1834 4130 obsecrationes
1876 4073 2061 4129 einem
2100 4074 2279 4129 Briefe
2329 4074 2425 4128 des
2460 4075 2724 4128 Paulinus
2759 4078 3114 4129 entnommen
3164 4073 3237 4128 ist
3279 4075 3390 4128 und
3435 4090 3543 4128 von
3582 4074 3926 4144 Augustinus
3973 4073 4146 4129 selbst
4203 4073 4529 4145 missbilligt.
4564 4075 4713 4130 wird.

958 4154 1252 4232 Vgl.'dort
1287 4175 1403 4214 ecce
1438 4161 1578 4214 enim
1613 4161 1757 4215 sient
1780 4175 1847 4213 ea
1880 4163 2011 4229 ipsa
2033 4160 2276 4229 posu-isti
2311 4161 2581 4215 obsecro
2611 4161 2786 4228 fieri
2824 4161 3340 4223 obsecrationes,
3375 4176 3484 4214 non
3513 4159 3698 4214 codem
3721 4160 3887 4215 uerbo
3914 4166 4206 4230 utrumque
4238 4160 4388 4216 dimit
4410 4162 4720 4231 apostolus,

958 4249 1056 4317 qni
1089 4248 1281 4316 ntique
1315 4261 1507 4314 yraece
1541 4245 1697 4300 illam
1732 4246 1958 4315 scripsit
1992 4245 2299 4314 epistolam,
2333 4245 2428 4300 sed
2460 4261 2569 4314 pro
2609 4260 2670 4298 eo
2706 4245 2855 4314 qnod
2892 4248 2947 4299 in
2985 4246 3162 4300 latino
3199 4252 3280 4300 est
3315 4246 3617 4314 obsecro,
3670 4247 3764 4300 ille
3795 4262 3988 4316 yraece
4036 4246 4184 4302 dixit
4221 4246 4512 4314 παρακαλὸ.
4597 4247 4713 4302 Pro

958 4349 1020 4388 eo
1068 4346 1201 4387 nero
1250 4330 1401 4401 quod
1440 4332 1683 4386 Latinus
1733 4337 1915 4386 nester
1959 4332 2121 4387 habet
2177 4332 2752 4396 obsecrationes,
2802 4332 2896 4386 ille
2941 4335 3132 4401 posuit
3168 4333 3372 4399 διήσεις.
3443 4331 3691 4386 Proinde
3738 4332 3867 4385 alii
3901 4330 4200 4397 codices,
4249 4333 4313 4384 in
4363 4333 4610 4402 quibus
4660 4339 4724 4388 et

955 4419 1184 4475 nostri
1217 4422 1370 4473 sunt
1400 4433 1513 4472 non
1548 4417 1748 4471 babent
1783 4419 2286 4472 obsecrationes
2324 4416 2421 4472 sed
2456 4416 2981 4486 deprecationes
3005 4448 3058 4457 —
3092 4417 3548 4473 ll.adorationes
3580 4406 3649 4472 de
3667 4416 4040 4472 catechizand.
4068 4416 4247 4471 rudib.
4273 4418 4357 4472 37.
4428 4418 4581 4472 Dazu
4607 4418 4720 4489 vgl.

959 4503 1221 4573 tibi-igens
1257 4519 1343 4572 ep.
1386 4503 1501 4566 149,
1542 4504 1606 4555 13
1656 4502 1807 4571 quod
1844 4520 1977 4557 nero
2017 4503 2239 4572 qnidam
2279 4503 2490 4558 codices
2526 4519 2634 4557 non
2672 4505 2872 4558 habent
2908 4508 3086 4558 orati
3099 4519 3258 4558 ones
3294 4502 3391 4559 sed
3437 4502 3908 4569 adorationes,
3957 4506 4091 4573 qnia
4139 4517 4246 4558 non
4301 4502 4506 4559 dictmn
4544 4513 4627 4560 est
4661 4507 4720 4560 in

958 4606 1155 4661 praeco
1191 4590 1384 4655 εὐχάς
1432 4587 1529 4642 sed
1573 4590 1960 4656 προσευχάς.
2016 4606 2124 4643 non
2174 4590 2420 4644 arbitror
2472 4591 2703 4644 scienter
2748 4590 3197 4658 interpretatnm5
3260 4592 3617 4659 προσευχάς
3668 4592 3808 4644 enim
3864 4592 4219 4645 orationes
4265 4589 4378 4645 dici
4414 4605 4451 4644 a
4488 4590 4721 4646 Graecis

959 4677 1303 4731 notissimam
1359 4680 1466 4740 cst,
1516 4679 1570 4728 et
1625 4676 1815 4745 ntique
1866 4674 2025 4729 alind
2075 4680 2157 4729 est
2203 4690 2394 4729 orare
2441 4674 2603 4728 aliud
2649 4673 2950 4729 adorare.
3029 4674 3157 4744 Vgl.
3193 4674 3329 4729 ibid.
3372 4676 3451 4739 16,
3501 4692 3586 4729 wo
3640 4675 3908 4730 ebenfulls
3956 4674 4217 4730 adoratio
4255 4674 4339 4728 als
4375 4676 4722 4744 unpassende

961 4761 1373 4829 Uebersetzung
1408 4761 1615 4831 gerfigt
1648 4760 1788 4836 wird
1821 4761 1935 4814 und
1966 4759 2185 4815 Einleit.
2219 4760 2333 4829 §23
2365 4762 2416 4814 S.
2437 4760 2521 4814 24.
2575 4760 3007 4825 adlici-tationes,
3038 4759 3216 4814 sicher
3249 4778 3347 4814 aus
3374 4760 3730 4816 adorationes
3753 4760 4010 4817 verderbt
4040 4760 4168 4831 (wie
4204 4760 4376 4815 leieht
4409 4761 4558 4817 diese
4586 4762 4724 4817 Ver·

961 4844 1286 4916 wecbslnng
1308 4845 1584 4900 eintreten
1611 4845 1778 4909 kann,
1805 4845 1955 4916 zeigt
1980 4847 2079 4900 der
2103 4845 2236 4900 krit.
2261 4846 2511 4916 Apparat-
2536 4865 2604 4900 zu
2626 4846 2736 4901 Cic.
2759 4863 2859 4915 pro
2887 4846 3049 4900 Arch.
3074 4850 3219 4915 poet.
3238 4847 3332 4911 XI,
3353 4847 3443 4916 28)
3488 4864 3644 4902 serm.
3682 4847 3799 4910 149,
3827 4847 3888 4901 17
3921 4851 4204 4902 orationes
4226 4847 4385 4916 epist.
4420 4848 4534 4912 149,
4560 4848 4639 4903 12.
4655 4880 4722 4889 -

965 4934 1045 4986 12.
1082 4932 1553 5001 interpellationes
1600 4949 1671 4985 an
1710 4932 1860 4987 allen
1895 4931 2011 4986 drei
2049 4931 2274 4987 Stellen.
2356 4931 2507 4985 Dazn
2556 4931 2631 4985 ist
2665 4931 2821 5001 epist.
2866 4932 2980 4994 149,
3023 4933 3087 4986 14
3143 4932 3396 4987 bemerkt
3441 4950 3548 5003 pro
3594 4933 4279 5002 interpellationibus
4314 4939 4520 5003 antem,
4572 4934 4723 5003 qnod

959 5018 1192 5073 nostri
1241 5017 1508 5084 habent,
1556 5017 1851 5073 seeundum
1901 5018 2113 5073 codices
2160 5017 2321 5072 credo
2370 5024 2586 5071 nestros
2631 5017 3146 5086 postulationes
3192 5022 3451 5088 posuisti.
3512 5049 3563 5059 —-
3628 5020 3704 5073 15.
3756 5027 3808 5073 et
3853 5020 4101 5073 omnibus
4152 5021 4248 5087 qui
4295 5035 4455 5074 serm.
4495 5020 4612 5085 149,
4653 5020 4718 5075 17

965 5103 1034 5157 de
1065 5101 1436 5157 catechizand.
1478 5102 1660 5158 rudib.
1698 5104 1766 5157 37
1803 5110 1855 5159 et
1889 5106 1977 5158 his
2012 5106 2108 5172 qui
2137 5103 2296 5173 epist.
2338 5102 2451 5166 149,
2481 5102 2544 5155 12
2583 5101 2858 5156 Euchirid.
2896 5103 2980 5158 27.
3019 5134 3082 5143 -
3129 5103 3207 5158 16.
3246 5107 3331 5157 uti
3369 5122 3526 5159 serm.
3569 5105 3683 5169 149,
3725 5105 3786 5158 17
3826 5111 3888 5158 nt
3928 5105 4086 5173 epist.
4127 5106 4242 5168 149,
4283 5106 4345 5159 12
4379 5105 4447 5158 tle
4485 5106 4727 5161 catechi-

963 5188 1120 5242 zand.
1143 5186 1323 5242 rudib.
1343 5187 1411 5241 37
1435 5189 1503 5243 de
1537 5188 1690 5242 civit.
1718 5188 1808 5244 dei
1832 5190 1911 5253 19,
1938 5188 2024 5243 26.
2054 5191 2366 5258 —qnietam
2405 5204 2564 5241 serm.
2609 5188 2723 5250 149,
2749 5189 2813 5242 17
2850 5188 3014 5258 epist.
3060 5190 3174 5253 149,
3215 5191 3278 5243 12
3316 5191 3383 5244 de
3420 5190 3570 5244 civ-it.
3608 5189 3696 5244 dei
3735 5190 3815 5253 19,
3854 5190 3923 5243 26
3956 5208 4203 5245 securam
4238 5191 4308 5244 de
4342 5190 4722 5246 catechizand.

964 5272 1145 5328 rudib.
1181 5274 1348 5328 37.-·
1372 5274 1455 5329 18.
1491 5277 1549 5328 in
1591 5278 1740 5329 cinni
1775 5292 1934 5329 serm.
1964 5274 2077 5337 149,
2100 5275 2163 5328 17
2202 5273 2359 5343 epist.
2400 5274 2516 5335 149,
2561 5273 2622 5326 12
2657 5290 2776 5329 cum
2816 5277 2966 5329 omni
3001 5275 3069 5329 de
3105 5274 3478 5329 catechizand.
3517 5274 3697 5330 rudib.
3735 5276 3818 5330 37.
3841 5304 3903 5313 -—
3933 5277 4012 5329 19.
4039 5279 4273 5331 caritate
4307 5276 4468 5345 epist.
4511 5277 4626 5341 149,
4658 5277 4723 5331 12

962 5359 1109 5429 (hier
1157 5359 1259 5413 hat
1295 5358 1548 5415 Sabatier
1602 5360 1957 5415 irrthiimlieh
1993 5362 2270 5428 castitate)
2327 5360 2397 5414 de
2445 5357 2818 5413 catechizand.
2875 5359 3056 5413 rudib.
3088 5361 3155 5415 37
3204 5362 3274 5416 de
3324 5360 3475 5415 civit.
3524 5361 3614 5415 dei
3659 5362 3737 5424 19,
3773 5361 3871 5426 26,
3931 5379 4014 5416 wo
4062 5360 4247 5433 einige
4293 5362 4722 5418 Handschristen

963 5448 1220 5500 castitate
1254 5444 1461 5510 haben,
1510 5463 1625 5500 was
1663 5446 1931 5501 Dombart,
1969 5446 2125 5501 nicht
2160 5445 2405 5500 anfiihrt.
2458 5475 2521 5484 -
2572 5445 2655 5498 22.
2696 5460 2880 5500 omnes
2913 5448 3159 5501 homines
3192 5447 3352 5516 epist.
3395 5448 3508 5511 149,
3550 5447 3612 5499 17
3658 5462 3841 5501 omnes
3877 5447 4045 5502 allein
4084 5465 4297 5518 propos.
4336 5464 4404 5501 ex
4453 5448 4614 5519 epist.
4651 5449 4723 5503 ad

965 5530 1122 5586 Rom.
1159 5547 1344 5602 expos.
1382 5532 1469 5586 74.

826 5620 900 5675 Ι)
971 5618 1018 5673 5.
1057 5618 1254 5687 quibus
1289 5616 1357 5672 fu
1394 5632 1493 5686 vg.
1532 5646 1595 5657 —-
1633 5620 1918 5688 hymeneus
1954 5616 2038 5672 fu.

2360 5721 2564 5777 l'l‘im.
2609 5724 2913 5789 1,19—20.
2984 5724 3219 5787 2‚1-4‚
